%% This BibTeX bibliography file was created using BibDesk.
%% http://bibdesk.sourceforge.net/

%% Created for Phillips, Tricia at 2018-06-26 14:53:29 -0400 


%% Saved with string encoding Unicode (UTF-8) 



@webpage{Herman,
	Annote = {Sensitivity analysis (SALib, Sobol sensitivity analysis, saltelli sampling) info },
	Date-Added = {2018-06-26 04:40:30 +0000},
	Date-Modified = {2018-06-26 18:48:29 +0000},
	Month = {fill in },
	Title = {SALib-Sensitivity Analysis Library in Python },
	Url = {https://salib.readthedocs.io/en/latest/ },
	Year = {fill in },
	Bdsk-File-1 = {YnBsaXN0MDDUAQIDBAUGJCVYJHZlcnNpb25YJG9iamVjdHNZJGFyY2hpdmVyVCR0b3ASAAGGoKgHCBMUFRYaIVUkbnVsbNMJCgsMDxJXTlMua2V5c1pOUy5vYmplY3RzViRjbGFzc6INDoACgAOiEBGABIAFgAdccmVsYXRpdmVQYXRoWWFsaWFzRGF0YV8QNy4uL2hlcm9pbl9wYXBlcnMvU2Vuc2l0aXZpdHlfYW5hbHlzaXNfYmFzaWNzX0hlcm1hbi5wZGbSFwsYGVdOUy5kYXRhTxECOgAAAAACOgACAAANTWFjQm9va1BybyBIRAAAAAAAAAAAAAAAAAAA1LjTNEgrAAAALllGH1NlbnNpdGl2aXR5X2FuYWx5c2lzIzQyOTY2Qy5wZGYAAAAAAAAAAAAAAAAAAAAAAAAAAAAAAAAAAAAAAAAAAABClmzXDfAVAAAAAAAAAAAAAQACAAAJIAAAAAAAAAAAAAAAAAAAAA1oZXJvaW5fcGFwZXJzAAAQAAgAANS5GYQAAAARAAgAANcOKFUAAAABABgALllGACqckwArtqUADbs3AA27NgAGMGMAAgBwTWFjQm9va1BybyBIRDpVc2VyczoAcGhpbGxpcHM6AERvY3VtZW50czoAUmVzZWFyY2g6AEhlcm9pbl9tb2RlbDoAaGVyb2luX3BhcGVyczoAU2Vuc2l0aXZpdHlfYW5hbHlzaXMjNDI5NjZDLnBkZgAOAE4AJgBTAGUAbgBzAGkAdABpAHYAaQB0AHkAXwBhAG4AYQBsAHkAcwBpAHMAXwBiAGEAcwBpAGMAcwBfAEgAZQByAG0AYQBuAC4AcABkAGYADwAcAA0ATQBhAGMAQgBvAG8AawBQAHIAbwAgAEgARAASAGNVc2Vycy9waGlsbGlwcy9Eb2N1bWVudHMvUmVzZWFyY2gvSGVyb2luX21vZGVsL2hlcm9pbl9wYXBlcnMvU2Vuc2l0aXZpdHlfYW5hbHlzaXNfYmFzaWNzX0hlcm1hbi5wZGYAABMAAS8AABUAAgAP//8AAIAG0hscHR5aJGNsYXNzbmFtZVgkY2xhc3Nlc11OU011dGFibGVEYXRhox0fIFZOU0RhdGFYTlNPYmplY3TSGxwiI1xOU0RpY3Rpb25hcnmiIiBfEA9OU0tleWVkQXJjaGl2ZXLRJidUcm9vdIABAAgAEQAaACMALQAyADcAQABGAE0AVQBgAGcAagBsAG4AcQBzAHUAdwCEAI4AyADNANUDEwMVAxoDJQMuAzwDQANHA1ADVQNiA2UDdwN6A38AAAAAAAACAQAAAAAAAAAoAAAAAAAAAAAAAAAAAAADgQ==}}

@webpage{SAMSHA3,
	Annote = {Questions used for 2016 NSDUH survey (see starting page 223) 
},
	Date-Added = {2018-06-26 04:36:47 +0000},
	Date-Modified = {2018-06-26 18:38:56 +0000},
	Month = {September},
	Title = {2016 NATIONAL SURVEY ON DRUG USE AND HEALTH (NSDUH): FINAL APPROVED CAI SPECIFICATIONS FOR PROGRAMMING (ENGLISH VERSION)},
	Url = {https://www.samhsa.gov/data/sites/default/files/NSDUHmrbCAIquex2016v2.pdf },
	Year = {2015},
	Bdsk-File-1 = {YnBsaXN0MDDUAQIDBAUGJCVYJHZlcnNpb25YJG9iamVjdHNZJGFyY2hpdmVyVCR0b3ASAAGGoKgHCBMUFRYaIVUkbnVsbNMJCgsMDxJXTlMua2V5c1pOUy5vYmplY3RzViRjbGFzc6INDoACgAOiEBGABIAFgAdccmVsYXRpdmVQYXRoWWFsaWFzRGF0YV8QLC4uL2hlcm9pbl9wYXBlcnMvTlNEVUhfcXVlc3Rpb25zX1NBTVNIQTMucGRm0hcLGBlXTlMuZGF0YU8RAhQAAAAAAhQAAgAADU1hY0Jvb2tQcm8gSEQAAAAAAAAAAAAAAAAAANS40zRIKwAAAC5ZRhtOU0RVSF9xdWVzdGlvbnNfU0FNU0hBMy5wZGYAAAAAAAAAAAAAAAAAAAAAAAAAAAAAAAAAAAAAAAAAAAAAAAAARb/A10iS7AAAAAAAAAAAAAEAAgAACSAAAAAAAAAAAAAAAAAAAAANaGVyb2luX3BhcGVycwAAEAAIAADUuRmEAAAAEQAIAADXSMssAAAAAQAYAC5ZRgAqnJMAK7alAA27NwANuzYABjBjAAIAbE1hY0Jvb2tQcm8gSEQ6VXNlcnM6AHBoaWxsaXBzOgBEb2N1bWVudHM6AFJlc2VhcmNoOgBIZXJvaW5fbW9kZWw6AGhlcm9pbl9wYXBlcnM6AE5TRFVIX3F1ZXN0aW9uc19TQU1TSEEzLnBkZgAOADgAGwBOAFMARABVAEgAXwBxAHUAZQBzAHQAaQBvAG4AcwBfAFMAQQBNAFMASABBADMALgBwAGQAZgAPABwADQBNAGEAYwBCAG8AbwBrAFAAcgBvACAASABEABIAWFVzZXJzL3BoaWxsaXBzL0RvY3VtZW50cy9SZXNlYXJjaC9IZXJvaW5fbW9kZWwvaGVyb2luX3BhcGVycy9OU0RVSF9xdWVzdGlvbnNfU0FNU0hBMy5wZGYAEwABLwAAFQACAA///wAAgAbSGxwdHlokY2xhc3NuYW1lWCRjbGFzc2VzXU5TTXV0YWJsZURhdGGjHR8gVk5TRGF0YVhOU09iamVjdNIbHCIjXE5TRGljdGlvbmFyeaIiIF8QD05TS2V5ZWRBcmNoaXZlctEmJ1Ryb290gAEACAARABoAIwAtADIANwBAAEYATQBVAGAAZwBqAGwAbgBxAHMAdQB3AIQAjgC9AMIAygLiAuQC6QL0Av0DCwMPAxYDHwMkAzEDNANGA0kDTgAAAAAAAAIBAAAAAAAAACgAAAAAAAAAAAAAAAAAAANQ}}

@article{Max,
	Annote = {American Pain Society pushing pain to be better treated in 1995. },
	Author = {with this HELP },
	Date-Added = {2018-06-26 04:35:13 +0000},
	Date-Modified = {2018-06-26 18:47:16 +0000},
	Journal = {JAMA},
	Number = {23},
	Pages = {1874-1880},
	Title = {Quality Improvement Guidelines for the Treatment of Acute Pain and Cancer Pain},
	Volume = {274},
	Year = {1995},
	Bdsk-File-1 = {YnBsaXN0MDDUAQIDBAUGJCVYJHZlcnNpb25YJG9iamVjdHNZJGFyY2hpdmVyVCR0b3ASAAGGoKgHCBMUFRYaIVUkbnVsbNMJCgsMDxJXTlMua2V5c1pOUy5vYmplY3RzViRjbGFzc6INDoACgAOiEBGABIAFgAdccmVsYXRpdmVQYXRoWWFsaWFzRGF0YV8QLi4uL2hlcm9pbl9wYXBlcnMvcGFpbl9maWZ0aF92aXRhbF9zaWduX01heC5wZGbSFwsYGVdOUy5kYXRhTxECHAAAAAACHAACAAANTWFjQm9va1BybyBIRAAAAAAAAAAAAAAAAAAA1LjTNEgrAAAALllGHXBhaW5fZmlmdGhfdml0YWxfc2lnbl9NYXgucGRmAAAAAAAAAAAAAAAAAAAAAAAAAAAAAAAAAAAAAAAAAAAAAABFt6TXSHfiAAAAAAAAAAAAAQACAAAJIAAAAAAAAAAAAAAAAAAAAA1oZXJvaW5fcGFwZXJzAAAQAAgAANS5GYQAAAARAAgAANdIsCIAAAABABgALllGACqckwArtqUADbs3AA27NgAGMGMAAgBuTWFjQm9va1BybyBIRDpVc2VyczoAcGhpbGxpcHM6AERvY3VtZW50czoAUmVzZWFyY2g6AEhlcm9pbl9tb2RlbDoAaGVyb2luX3BhcGVyczoAcGFpbl9maWZ0aF92aXRhbF9zaWduX01heC5wZGYADgA8AB0AcABhAGkAbgBfAGYAaQBmAHQAaABfAHYAaQB0AGEAbABfAHMAaQBnAG4AXwBNAGEAeAAuAHAAZABmAA8AHAANAE0AYQBjAEIAbwBvAGsAUAByAG8AIABIAEQAEgBaVXNlcnMvcGhpbGxpcHMvRG9jdW1lbnRzL1Jlc2VhcmNoL0hlcm9pbl9tb2RlbC9oZXJvaW5fcGFwZXJzL3BhaW5fZmlmdGhfdml0YWxfc2lnbl9NYXgucGRmABMAAS8AABUAAgAP//8AAIAG0hscHR5aJGNsYXNzbmFtZVgkY2xhc3Nlc11OU011dGFibGVEYXRhox0fIFZOU0RhdGFYTlNPYmplY3TSGxwiI1xOU0RpY3Rpb25hcnmiIiBfEA9OU0tleWVkQXJjaGl2ZXLRJidUcm9vdIABAAgAEQAaACMALQAyADcAQABGAE0AVQBgAGcAagBsAG4AcQBzAHUAdwCEAI4AvwDEAMwC7ALuAvMC/gMHAxUDGQMgAykDLgM7Az4DUANTA1gAAAAAAAACAQAAAAAAAAAoAAAAAAAAAAAAAAAAAAADWg==}}

@article{SAMSHA2,
	Date-Added = {2018-06-26 04:31:52 +0000},
	Date-Modified = {2018-06-26 04:32:09 +0000},
	Title = {fill in [34]},
	Bdsk-File-1 = {YnBsaXN0MDDUAQIDBAUGJCVYJHZlcnNpb25YJG9iamVjdHNZJGFyY2hpdmVyVCR0b3ASAAGGoKgHCBMUFRYaIVUkbnVsbNMJCgsMDxJXTlMua2V5c1pOUy5vYmplY3RzViRjbGFzc6INDoACgAOiEBGABIAFgAdccmVsYXRpdmVQYXRoWWFsaWFzRGF0YV8QNC4uL2hlcm9pbl9wYXBlcnMvVXNlX2Rpc29yZGVyX2RlZmluaXRpb25fU0FNU0hBMi5wZGbSFwsYGVdOUy5kYXRhTxECMAAAAAACMAACAAANTWFjQm9va1BybyBIRAAAAAAAAAAAAAAAAAAA1LjTNEgrAAAALllGH1VzZV9kaXNvcmRlcl9kZWZpbml0IzQ1QTk4RC5wZGYAAAAAAAAAAAAAAAAAAAAAAAAAAAAAAAAAAAAAAAAAAABFqY3XRu1cAAAAAAAAAAAAAQACAAAJIAAAAAAAAAAAAAAAAAAAAA1oZXJvaW5fcGFwZXJzAAAQAAgAANS5GYQAAAARAAgAANdHJZwAAAABABgALllGACqckwArtqUADbs3AA27NgAGMGMAAgBwTWFjQm9va1BybyBIRDpVc2VyczoAcGhpbGxpcHM6AERvY3VtZW50czoAUmVzZWFyY2g6AEhlcm9pbl9tb2RlbDoAaGVyb2luX3BhcGVyczoAVXNlX2Rpc29yZGVyX2RlZmluaXQjNDVBOThELnBkZgAOAEgAIwBVAHMAZQBfAGQAaQBzAG8AcgBkAGUAcgBfAGQAZQBmAGkAbgBpAHQAaQBvAG4AXwBTAEEATQBTAEgAQQAyAC4AcABkAGYADwAcAA0ATQBhAGMAQgBvAG8AawBQAHIAbwAgAEgARAASAGBVc2Vycy9waGlsbGlwcy9Eb2N1bWVudHMvUmVzZWFyY2gvSGVyb2luX21vZGVsL2hlcm9pbl9wYXBlcnMvVXNlX2Rpc29yZGVyX2RlZmluaXRpb25fU0FNU0hBMi5wZGYAEwABLwAAFQACAA///wAAgAbSGxwdHlokY2xhc3NuYW1lWCRjbGFzc2VzXU5TTXV0YWJsZURhdGGjHR8gVk5TRGF0YVhOU09iamVjdNIbHCIjXE5TRGljdGlvbmFyeaIiIF8QD05TS2V5ZWRBcmNoaXZlctEmJ1Ryb290gAEACAARABoAIwAtADIANwBAAEYATQBVAGAAZwBqAGwAbgBxAHMAdQB3AIQAjgDFAMoA0gMGAwgDDQMYAyEDLwMzAzoDQwNIA1UDWANqA20DcgAAAAAAAAIBAAAAAAAAACgAAAAAAAAAAAAAAAAAAAN0}}

@article{FDA1,
	Annote = {Timeline of events/ which drugs approved by FDA },
	Date-Added = {2018-06-26 04:30:34 +0000},
	Date-Modified = {2018-06-26 18:40:33 +0000},
	Title = {FILL IN [33]},
	Url = {FILL IN },
	Year = {FILL IN [33]},
	Bdsk-File-1 = {YnBsaXN0MDDUAQIDBAUGJCVYJHZlcnNpb25YJG9iamVjdHNZJGFyY2hpdmVyVCR0b3ASAAGGoKgHCBMUFRYaIVUkbnVsbNMJCgsMDxJXTlMua2V5c1pOUy5vYmplY3RzViRjbGFzc6INDoACgAOiEBGABIAFgAdccmVsYXRpdmVQYXRoWWFsaWFzRGF0YV8QKC4uL2hlcm9pbl9wYXBlcnMvT3Bpb2lkX1RpbWVsaW5lX0ZEQS5wZGbSFwsYGVdOUy5kYXRhTxECBAAAAAACBAACAAANTWFjQm9va1BybyBIRAAAAAAAAAAAAAAAAAAA1LjTNEgrAAAALllGF09waW9pZF9UaW1lbGluZV9GREEucGRmAAAAAAAAAAAAAAAAAAAAAAAAAAAAAAAAAAAAAAAAAAAAAAAAAAAAAABFoWrXRt6JAAAAAAAAAAAAAQACAAAJIAAAAAAAAAAAAAAAAAAAAA1oZXJvaW5fcGFwZXJzAAAQAAgAANS5GYQAAAARAAgAANdHFskAAAABABgALllGACqckwArtqUADbs3AA27NgAGMGMAAgBoTWFjQm9va1BybyBIRDpVc2VyczoAcGhpbGxpcHM6AERvY3VtZW50czoAUmVzZWFyY2g6AEhlcm9pbl9tb2RlbDoAaGVyb2luX3BhcGVyczoAT3Bpb2lkX1RpbWVsaW5lX0ZEQS5wZGYADgAwABcATwBwAGkAbwBpAGQAXwBUAGkAbQBlAGwAaQBuAGUAXwBGAEQAQQAuAHAAZABmAA8AHAANAE0AYQBjAEIAbwBvAGsAUAByAG8AIABIAEQAEgBUVXNlcnMvcGhpbGxpcHMvRG9jdW1lbnRzL1Jlc2VhcmNoL0hlcm9pbl9tb2RlbC9oZXJvaW5fcGFwZXJzL09waW9pZF9UaW1lbGluZV9GREEucGRmABMAAS8AABUAAgAP//8AAIAG0hscHR5aJGNsYXNzbmFtZVgkY2xhc3Nlc11OU011dGFibGVEYXRhox0fIFZOU0RhdGFYTlNPYmplY3TSGxwiI1xOU0RpY3Rpb25hcnmiIiBfEA9OU0tleWVkQXJjaGl2ZXLRJidUcm9vdIABAAgAEQAaACMALQAyADcAQABGAE0AVQBgAGcAagBsAG4AcQBzAHUAdwCEAI4AuQC+AMYCzgLQAtUC4ALpAvcC+wMCAwsDEAMdAyADMgM1AzoAAAAAAAACAQAAAAAAAAAoAAAAAAAAAAAAAAAAAAADPA==}}

@periodical{Muhuri,
	Author = {Muhuri, PK and Gfroerer, JC and Davies, MC},
	Date-Added = {2018-06-26 04:25:28 +0000},
	Date-Modified = {2018-06-26 18:07:52 +0000},
	Title = {Associations of Nonmedical Pain Reliever Use and Initiation of Heroin Use in the United States},
	Year = {2013},
	Bdsk-File-1 = {YnBsaXN0MDDUAQIDBAUGJCVYJHZlcnNpb25YJG9iamVjdHNZJGFyY2hpdmVyVCR0b3ASAAGGoKgHCBMUFRYaIVUkbnVsbNMJCgsMDxJXTlMua2V5c1pOUy5vYmplY3RzViRjbGFzc6INDoACgAOiEBGABIAFgAdccmVsYXRpdmVQYXRoWWFsaWFzRGF0YV8QNi4uL2hlcm9pbl9wYXBlcnMvcHJlc2NyaXB0aW9uX3RvX2hlcm9pbl91c2VfTXVodXJpLnBkZtIXCxgZV05TLmRhdGFPEQI2AAAAAAI2AAIAAA1NYWNCb29rUHJvIEhEAAAAAAAAAAAAAAAAAADUuNM0SCsAAAAuWUYfcHJlc2NyaXB0aW9uX3RvX2hlcm8jNDNBNjE0LnBkZgAAAAAAAAAAAAAAAAAAAAAAAAAAAAAAAAAAAAAAAAAAAEOmFNcgpGEAAAAAAAAAAAABAAIAAAkgAAAAAAAAAAAAAAAAAAAADWhlcm9pbl9wYXBlcnMAABAACAAA1LkZhAAAABEACAAA1yDcoQAAAAEAGAAuWUYAKpyTACu2pQANuzcADbs2AAYwYwACAHBNYWNCb29rUHJvIEhEOlVzZXJzOgBwaGlsbGlwczoARG9jdW1lbnRzOgBSZXNlYXJjaDoASGVyb2luX21vZGVsOgBoZXJvaW5fcGFwZXJzOgBwcmVzY3JpcHRpb25fdG9faGVybyM0M0E2MTQucGRmAA4ATAAlAHAAcgBlAHMAYwByAGkAcAB0AGkAbwBuAF8AdABvAF8AaABlAHIAbwBpAG4AXwB1AHMAZQBfAE0AdQBoAHUAcgBpAC4AcABkAGYADwAcAA0ATQBhAGMAQgBvAG8AawBQAHIAbwAgAEgARAASAGJVc2Vycy9waGlsbGlwcy9Eb2N1bWVudHMvUmVzZWFyY2gvSGVyb2luX21vZGVsL2hlcm9pbl9wYXBlcnMvcHJlc2NyaXB0aW9uX3RvX2hlcm9pbl91c2VfTXVodXJpLnBkZgATAAEvAAAVAAIAD///AACABtIbHB0eWiRjbGFzc25hbWVYJGNsYXNzZXNdTlNNdXRhYmxlRGF0YaMdHyBWTlNEYXRhWE5TT2JqZWN00hscIiNcTlNEaWN0aW9uYXJ5oiIgXxAPTlNLZXllZEFyY2hpdmVy0SYnVHJvb3SAAQAIABEAGgAjAC0AMgA3AEAARgBNAFUAYABnAGoAbABuAHEAcwB1AHcAhACOAMcAzADUAw4DEAMVAyADKQM3AzsDQgNLA1ADXQNgA3IDdQN6AAAAAAAAAgEAAAAAAAAAKAAAAAAAAAAAAAAAAAAAA3w=}}

@article{Mandell,
	Annote = {Joint Commission and American Pain Society background info. },
	Author = {Brian Mandell},
	Date-Added = {2018-06-26 04:22:16 +0000},
	Date-Modified = {2018-06-26 18:49:03 +0000},
	Journal = {Cleveland Clinic Journal of Medicine},
	Number = {6},
	Title = {The Fifth Vital Sign: A Complex Story of Politics and Patient Care},
	Volume = {83},
	Year = {June 2016},
	Bdsk-File-1 = {YnBsaXN0MDDUAQIDBAUGJCVYJHZlcnNpb25YJG9iamVjdHNZJGFyY2hpdmVyVCR0b3ASAAGGoKgHCBMUFRYaIVUkbnVsbNMJCgsMDxJXTlMua2V5c1pOUy5vYmplY3RzViRjbGFzc6INDoACgAOiEBGABIAFgAdccmVsYXRpdmVQYXRoWWFsaWFzRGF0YV8QLS4uL2hlcm9pbl9wYXBlcnMvZmlmdGhfdml0YWxfc2lnbl9NYW5kZWxsLnBkZtIXCxgZV05TLmRhdGFPEQIaAAAAAAIaAAIAAA1NYWNCb29rUHJvIEhEAAAAAAAAAAAAAAAAAADUuNM0SCsAAAAuWUYcZmlmdGhfdml0YWxfc2lnbl9NYW5kZWxsLnBkZgAAAAAAAAAAAAAAAAAAAAAAAAAAAAAAAAAAAAAAAAAAAAAAAEOPItcfUCoAAAAAAAAAAAABAAIAAAkgAAAAAAAAAAAAAAAAAAAADWhlcm9pbl9wYXBlcnMAABAACAAA1LkZhAAAABEACAAA1x+IagAAAAEAGAAuWUYAKpyTACu2pQANuzcADbs2AAYwYwACAG1NYWNCb29rUHJvIEhEOlVzZXJzOgBwaGlsbGlwczoARG9jdW1lbnRzOgBSZXNlYXJjaDoASGVyb2luX21vZGVsOgBoZXJvaW5fcGFwZXJzOgBmaWZ0aF92aXRhbF9zaWduX01hbmRlbGwucGRmAAAOADoAHABmAGkAZgB0AGgAXwB2AGkAdABhAGwAXwBzAGkAZwBuAF8ATQBhAG4AZABlAGwAbAAuAHAAZABmAA8AHAANAE0AYQBjAEIAbwBvAGsAUAByAG8AIABIAEQAEgBZVXNlcnMvcGhpbGxpcHMvRG9jdW1lbnRzL1Jlc2VhcmNoL0hlcm9pbl9tb2RlbC9oZXJvaW5fcGFwZXJzL2ZpZnRoX3ZpdGFsX3NpZ25fTWFuZGVsbC5wZGYAABMAAS8AABUAAgAP//8AAIAG0hscHR5aJGNsYXNzbmFtZVgkY2xhc3Nlc11OU011dGFibGVEYXRhox0fIFZOU0RhdGFYTlNPYmplY3TSGxwiI1xOU0RpY3Rpb25hcnmiIiBfEA9OU0tleWVkQXJjaGl2ZXLRJidUcm9vdIABAAgAEQAaACMALQAyADcAQABGAE0AVQBgAGcAagBsAG4AcQBzAHUAdwCEAI4AvgDDAMsC6QLrAvAC+wMEAxIDFgMdAyYDKwM4AzsDTQNQA1UAAAAAAAACAQAAAAAAAAAoAAAAAAAAAAAAAAAAAAADVw==}}

@article{Vowles,
	Annote = {Definition used for addiction. Synthesis of misuse, abuse and addiction terminology in literature. },
	Author = {Vowlesa, KE and McEnteea, ML and Julnesa, PS and Frohea, T and Neyb, JP and Goesc, DN van der},
	Date-Added = {2018-06-26 04:19:15 +0000},
	Date-Modified = {2018-06-26 18:47:32 +0000},
	Journal = {PAIN},
	Number = {4},
	Pages = {569-576},
	Title = {Rates of opioid misuse, abuse, and addiction in chronic pain: a systematic review and data synthesis},
	Volume = {156},
	Year = {2015},
	Bdsk-File-1 = {YnBsaXN0MDDUAQIDBAUGJCVYJHZlcnNpb25YJG9iamVjdHNZJGFyY2hpdmVyVCR0b3ASAAGGoKgHCBMUFRYaIVUkbnVsbNMJCgsMDxJXTlMua2V5c1pOUy5vYmplY3RzViRjbGFzc6INDoACgAOiEBGABIAFgAdccmVsYXRpdmVQYXRoWWFsaWFzRGF0YV8QJC4uL2hlcm9pbl9wYXBlcnMvTGFuZ3VhZ2VfVm93bGVzLnBkZtIXCxgZV05TLmRhdGFPEQH0AAAAAAH0AAIAAA1NYWNCb29rUHJvIEhEAAAAAAAAAAAAAAAAAADUuNM0SCsAAAAuWUYTTGFuZ3VhZ2VfVm93bGVzLnBkZgAAAAAAAAAAAAAAAAAAAAAAAAAAAAAAAAAAAAAAAAAAAAAAAAAAAAAAAAAAAEJ4FtcM1LoAAAAAAAAAAAABAAIAAAkgAAAAAAAAAAAAAAAAAAAADWhlcm9pbl9wYXBlcnMAABAACAAA1LkZhAAAABEACAAA1w0M+gAAAAEAGAAuWUYAKpyTACu2pQANuzcADbs2AAYwYwACAGRNYWNCb29rUHJvIEhEOlVzZXJzOgBwaGlsbGlwczoARG9jdW1lbnRzOgBSZXNlYXJjaDoASGVyb2luX21vZGVsOgBoZXJvaW5fcGFwZXJzOgBMYW5ndWFnZV9Wb3dsZXMucGRmAA4AKAATAEwAYQBuAGcAdQBhAGcAZQBfAFYAbwB3AGwAZQBzAC4AcABkAGYADwAcAA0ATQBhAGMAQgBvAG8AawBQAHIAbwAgAEgARAASAFBVc2Vycy9waGlsbGlwcy9Eb2N1bWVudHMvUmVzZWFyY2gvSGVyb2luX21vZGVsL2hlcm9pbl9wYXBlcnMvTGFuZ3VhZ2VfVm93bGVzLnBkZgATAAEvAAAVAAIAD///AACABtIbHB0eWiRjbGFzc25hbWVYJGNsYXNzZXNdTlNNdXRhYmxlRGF0YaMdHyBWTlNEYXRhWE5TT2JqZWN00hscIiNcTlNEaWN0aW9uYXJ5oiIgXxAPTlNLZXllZEFyY2hpdmVy0SYnVHJvb3SAAQAIABEAGgAjAC0AMgA3AEAARgBNAFUAYABnAGoAbABuAHEAcwB1AHcAhACOALUAugDCAroCvALBAswC1QLjAucC7gL3AvwDCQMMAx4DIQMmAAAAAAAAAgEAAAAAAAAAKAAAAAAAAAAAAAAAAAAAAyg=}}

@article{SAMSHA1,
	Annote = {Treatment options },
	Author = {fill in [26]},
	Date-Added = {2018-06-26 04:17:17 +0000},
	Date-Modified = {2018-06-26 18:40:18 +0000},
	Journal = {fill in [26]},
	Title = {fill in [26]},
	Year = {fill in [26]}}

@webpage{CDC4,
	Annote = {mu_A and mu_H parameter values for national level},
	Date-Added = {2018-06-26 04:13:50 +0000},
	Date-Modified = {2018-06-26 18:45:02 +0000},
	Month = {February},
	Title = {Opioid Data Analysis},
	Url = {https://www.cdc.gov/drugoverdose/data/analysis.html},
	Year = {2017},
	Bdsk-File-1 = {YnBsaXN0MDDUAQIDBAUGJCVYJHZlcnNpb25YJG9iamVjdHNZJGFyY2hpdmVyVCR0b3ASAAGGoKgHCBMUFRYaIVUkbnVsbNMJCgsMDxJXTlMua2V5c1pOUy5vYmplY3RzViRjbGFzc6INDoACgAOiEBGABIAFgAdccmVsYXRpdmVQYXRoWWFsaWFzRGF0YV8QMy4uL2hlcm9pbl9wYXBlcnMvb3ZlcmRvc2VfcGFyYW1ldGVyX3ZhbHVlc19DREM0LnBkZtIXCxgZV05TLmRhdGFPEQIuAAAAAAIuAAIAAA1NYWNCb29rUHJvIEhEAAAAAAAAAAAAAAAAAADUuNM0SCsAAAAuWUYfb3ZlcmRvc2VfcGFyYW1ldGVyX3YjNDI5QzEyLnBkZgAAAAAAAAAAAAAAAAAAAAAAAAAAAAAAAAAAAAAAAAAAAEKcEtcN8p8AAAAAAAAAAAABAAIAAAkgAAAAAAAAAAAAAAAAAAAADWhlcm9pbl9wYXBlcnMAABAACAAA1LkZhAAAABEACAAA1w4q3wAAAAEAGAAuWUYAKpyTACu2pQANuzcADbs2AAYwYwACAHBNYWNCb29rUHJvIEhEOlVzZXJzOgBwaGlsbGlwczoARG9jdW1lbnRzOgBSZXNlYXJjaDoASGVyb2luX21vZGVsOgBoZXJvaW5fcGFwZXJzOgBvdmVyZG9zZV9wYXJhbWV0ZXJfdiM0MjlDMTIucGRmAA4ARgAiAG8AdgBlAHIAZABvAHMAZQBfAHAAYQByAGEAbQBlAHQAZQByAF8AdgBhAGwAdQBlAHMAXwBDAEQAQwA0AC4AcABkAGYADwAcAA0ATQBhAGMAQgBvAG8AawBQAHIAbwAgAEgARAASAF9Vc2Vycy9waGlsbGlwcy9Eb2N1bWVudHMvUmVzZWFyY2gvSGVyb2luX21vZGVsL2hlcm9pbl9wYXBlcnMvb3ZlcmRvc2VfcGFyYW1ldGVyX3ZhbHVlc19DREM0LnBkZgAAEwABLwAAFQACAA///wAAgAbSGxwdHlokY2xhc3NuYW1lWCRjbGFzc2VzXU5TTXV0YWJsZURhdGGjHR8gVk5TRGF0YVhOU09iamVjdNIbHCIjXE5TRGljdGlvbmFyeaIiIF8QD05TS2V5ZWRBcmNoaXZlctEmJ1Ryb290gAEACAARABoAIwAtADIANwBAAEYATQBVAGAAZwBqAGwAbgBxAHMAdQB3AIQAjgDEAMkA0QMDAwUDCgMVAx4DLAMwAzcDQANFA1IDVQNnA2oDbwAAAAAAAAIBAAAAAAAAACgAAAAAAAAAAAAAAAAAAANx}}

@webpage{CDC3,
	Date-Added = {2018-06-26 04:00:23 +0000},
	Date-Modified = {2018-06-26 18:45:23 +0000},
	Month = {August},
	Title = {Opioid Overdose},
	Url = {www.cdc.gov/drugoverdose/opioids/index.html},
	Year = {2017}}

@book{Smith,
	Address = {Rhode Island},
	Annote = {Non-negativity of solutions chapter from Lenhart via email},
	Author = {Smith, HL},
	Date-Added = {2018-06-26 03:58:23 +0000},
	Date-Modified = {2018-06-26 18:43:48 +0000},
	Publisher = {American Mathematical Society},
	Title = {Monotone dynamical systems: an introduction to the theory of competitive and cooperative systems},
	Volume = {41},
	Year = {1995},
	Bdsk-File-1 = {YnBsaXN0MDDUAQIDBAUGJCVYJHZlcnNpb25YJG9iamVjdHNZJGFyY2hpdmVyVCR0b3ASAAGGoKgHCBMUFRYaIVUkbnVsbNMJCgsMDxJXTlMua2V5c1pOUy5vYmplY3RzViRjbGFzc6INDoACgAOiEBGABIAFgAdccmVsYXRpdmVQYXRoWWFsaWFzRGF0YV8QNS4uL2hlcm9pbl9wYXBlcnMvTW9ub3RvbmVfRHluYW1pY2FsX1N5c3RlbXNfU21pdGgucGRm0hcLGBlXTlMuZGF0YU8RAjQAAAAAAjQAAgAADU1hY0Jvb2tQcm8gSEQAAAAAAAAAAAAAAAAAANS40zRIKwAAAC5ZRh9Nb25vdG9uZV9EeW5hbWljYWxfUyM0MURBNTEucGRmAAAAAAAAAAAAAAAAAAAAAAAAAAAAAAAAAAAAAAAAAAAAQdpR1wNtTQAAAAAAAAAAAAEAAgAACSAAAAAAAAAAAAAAAAAAAAANaGVyb2luX3BhcGVycwAAEAAIAADUuRmEAAAAEQAIAADXA6WNAAAAAQAYAC5ZRgAqnJMAK7alAA27NwANuzYABjBjAAIAcE1hY0Jvb2tQcm8gSEQ6VXNlcnM6AHBoaWxsaXBzOgBEb2N1bWVudHM6AFJlc2VhcmNoOgBIZXJvaW5fbW9kZWw6AGhlcm9pbl9wYXBlcnM6AE1vbm90b25lX0R5bmFtaWNhbF9TIzQxREE1MS5wZGYADgBKACQATQBvAG4AbwB0AG8AbgBlAF8ARAB5AG4AYQBtAGkAYwBhAGwAXwBTAHkAcwB0AGUAbQBzAF8AUwBtAGkAdABoAC4AcABkAGYADwAcAA0ATQBhAGMAQgBvAG8AawBQAHIAbwAgAEgARAASAGFVc2Vycy9waGlsbGlwcy9Eb2N1bWVudHMvUmVzZWFyY2gvSGVyb2luX21vZGVsL2hlcm9pbl9wYXBlcnMvTW9ub3RvbmVfRHluYW1pY2FsX1N5c3RlbXNfU21pdGgucGRmAAATAAEvAAAVAAIAD///AACABtIbHB0eWiRjbGFzc25hbWVYJGNsYXNzZXNdTlNNdXRhYmxlRGF0YaMdHyBWTlNEYXRhWE5TT2JqZWN00hscIiNcTlNEaWN0aW9uYXJ5oiIgXxAPTlNLZXllZEFyY2hpdmVy0SYnVHJvb3SAAQAIABEAGgAjAC0AMgA3AEAARgBNAFUAYABnAGoAbABuAHEAcwB1AHcAhACOAMYAywDTAwsDDQMSAx0DJgM0AzgDPwNIA00DWgNdA28DcgN3AAAAAAAAAgEAAAAAAAAAKAAAAAAAAAAAAAAAAAAAA3k=}}

@webpage{HHS1,
	Annote = {Opioid crisis declared Public Health Emergency 
},
	Date-Added = {2018-06-26 03:53:34 +0000},
	Date-Modified = {2018-06-26 18:41:08 +0000},
	Month = {October},
	Title = {HHS Acting Secretary Declares Public Health Emergency to Address National Opioid Crisis},
	Url = {https://www.hhs.gov/about/news/2017/10/26/hhs-acting-secretary-declares-public-health-emergency-address-national-opioid-crisis.html},
	Year = {2017},
	Bdsk-File-1 = {YnBsaXN0MDDUAQIDBAUGJCVYJHZlcnNpb25YJG9iamVjdHNZJGFyY2hpdmVyVCR0b3ASAAGGoKgHCBMUFRYaIVUkbnVsbNMJCgsMDxJXTlMua2V5c1pOUy5vYmplY3RzViRjbGFzc6INDoACgAOiEBGABIAFgAdccmVsYXRpdmVQYXRoWWFsaWFzRGF0YV8QQy4uL2hlcm9pbl9wYXBlcnMvSEhTX09waW9pZF9DcmlzaXNfUHVibGljX0hlYWx0aF9FbWVyZ2VuY3lfSEhTMS5wZGbSFwsYGVdOUy5kYXRhTxECXgAAAAACXgACAAANTWFjQm9va1BybyBIRAAAAAAAAAAAAAAAAAAA1LjTNEgrAAAALllGH0hIU19PcGlvaWRfQ3Jpc2lzX1B1IzQxM0NCRS5wZGYAAAAAAAAAAAAAAAAAAAAAAAAAAAAAAAAAAAAAAAAAAABBPL7W+pN2AAAAAAAAAAAAAQACAAAJIAAAAAAAAAAAAAAAAAAAAA1oZXJvaW5fcGFwZXJzAAAQAAgAANS5GYQAAAARAAgAANb6y7YAAAABABgALllGACqckwArtqUADbs3AA27NgAGMGMAAgBwTWFjQm9va1BybyBIRDpVc2VyczoAcGhpbGxpcHM6AERvY3VtZW50czoAUmVzZWFyY2g6AEhlcm9pbl9tb2RlbDoAaGVyb2luX3BhcGVyczoASEhTX09waW9pZF9DcmlzaXNfUHUjNDEzQ0JFLnBkZgAOAGYAMgBIAEgAUwBfAE8AcABpAG8AaQBkAF8AQwByAGkAcwBpAHMAXwBQAHUAYgBsAGkAYwBfAEgAZQBhAGwAdABoAF8ARQBtAGUAcgBnAGUAbgBjAHkAXwBIAEgAUwAxAC4AcABkAGYADwAcAA0ATQBhAGMAQgBvAG8AawBQAHIAbwAgAEgARAASAG9Vc2Vycy9waGlsbGlwcy9Eb2N1bWVudHMvUmVzZWFyY2gvSGVyb2luX21vZGVsL2hlcm9pbl9wYXBlcnMvSEhTX09waW9pZF9DcmlzaXNfUHVibGljX0hlYWx0aF9FbWVyZ2VuY3lfSEhTMS5wZGYAABMAAS8AABUAAgAP//8AAIAG0hscHR5aJGNsYXNzbmFtZVgkY2xhc3Nlc11OU011dGFibGVEYXRhox0fIFZOU0RhdGFYTlNPYmplY3TSGxwiI1xOU0RpY3Rpb25hcnmiIiBfEA9OU0tleWVkQXJjaGl2ZXLRJidUcm9vdIABAAgAEQAaACMALQAyADcAQABGAE0AVQBgAGcAagBsAG4AcQBzAHUAdwCEAI4A1ADZAOEDQwNFA0oDVQNeA2wDcAN3A4ADhQOSA5UDpwOqA68AAAAAAAACAQAAAAAAAAAoAAAAAAAAAAAAAAAAAAADsQ==}}

@webpage{NIDA1,
	Annote = {National Institute on Drug Abuse (NIDA) Prescription Opioids and Heroin: provides summary of how drug overdose deaths involving prescription opioids have increased since 1999, Rx use is a risk factor for heroin use, heroin use driven by cheapness and high availability. },
	Date-Added = {2018-06-26 03:50:17 +0000},
	Date-Modified = {2018-06-26 18:47:00 +0000},
	Month = {January},
	Title = {Prescription Opioids and Heroin},
	Url = {https://d14rmgtrwzf5a.cloudfront.net/sites/default/files/19774-prescription-opioids-and-heroin.pdf},
	Year = {2018},
	Bdsk-File-1 = {YnBsaXN0MDDUAQIDBAUGJCVYJHZlcnNpb25YJG9iamVjdHNZJGFyY2hpdmVyVCR0b3ASAAGGoKgHCBMUFRYaIVUkbnVsbNMJCgsMDxJXTlMua2V5c1pOUy5vYmplY3RzViRjbGFzc6INDoACgAOiEBGABIAFgAdccmVsYXRpdmVQYXRoWWFsaWFzRGF0YV8QMS4uL2hlcm9pbl9wYXBlcnMvTklEQV9TdW1tYXJ5X1J4X0hlcm9pbl9OSURBMS5wZGbSFwsYGVdOUy5kYXRhTxECKAAAAAACKAACAAANTWFjQm9va1BybyBIRAAAAAAAAAAAAAAAAAAA1LjTNEgrAAAALllGH05JREFfU3VtbWFyeV9SeF9IZXJvIzQxMkVCNC5wZGYAAAAAAAAAAAAAAAAAAAAAAAAAAAAAAAAAAAAAAAAAAABBLrTW+k4GAAAAAAAAAAAAAQACAAAJIAAAAAAAAAAAAAAAAAAAAA1oZXJvaW5fcGFwZXJzAAAQAAgAANS5GYQAAAARAAgAANb6hkYAAAABABgALllGACqckwArtqUADbs3AA27NgAGMGMAAgBwTWFjQm9va1BybyBIRDpVc2VyczoAcGhpbGxpcHM6AERvY3VtZW50czoAUmVzZWFyY2g6AEhlcm9pbl9tb2RlbDoAaGVyb2luX3BhcGVyczoATklEQV9TdW1tYXJ5X1J4X0hlcm8jNDEyRUI0LnBkZgAOAEIAIABOAEkARABBAF8AUwB1AG0AbQBhAHIAeQBfAFIAeABfAEgAZQByAG8AaQBuAF8ATgBJAEQAQQAxAC4AcABkAGYADwAcAA0ATQBhAGMAQgBvAG8AawBQAHIAbwAgAEgARAASAF1Vc2Vycy9waGlsbGlwcy9Eb2N1bWVudHMvUmVzZWFyY2gvSGVyb2luX21vZGVsL2hlcm9pbl9wYXBlcnMvTklEQV9TdW1tYXJ5X1J4X0hlcm9pbl9OSURBMS5wZGYAABMAAS8AABUAAgAP//8AAIAG0hscHR5aJGNsYXNzbmFtZVgkY2xhc3Nlc11OU011dGFibGVEYXRhox0fIFZOU0RhdGFYTlNPYmplY3TSGxwiI1xOU0RpY3Rpb25hcnmiIiBfEA9OU0tleWVkQXJjaGl2ZXLRJidUcm9vdIABAAgAEQAaACMALQAyADcAQABGAE0AVQBgAGcAagBsAG4AcQBzAHUAdwCEAI4AwgDHAM8C+wL9AwIDDQMWAyQDKAMvAzgDPQNKA00DXwNiA2cAAAAAAAACAQAAAAAAAAAoAAAAAAAAAAAAAAAAAAADaQ==}}

@webpage{Volkow,
	Annote = {Talks about abuse of prescriptions opioids, how it happens and why dangerous, men/women differences, link between opioid and heroin abuse, increase deaths of heroin, dangers of heroin being laced. },
	Author = {Volkow, ND},
	Date-Added = {2018-06-26 03:46:50 +0000},
	Date-Modified = {2018-06-26 18:39:29 +0000},
	Month = {May},
	Title = {America's Addiction to Opioids: Heroin and Prescription Drug Abuse},
	Url = { https://www.drugabuse.gov/about-nida/legislative-activities/testimony-to-congress/2016/americas-addiction-to-opioids-heroin-prescription-drug-abuse#_ftn2},
	Year = {2014},
	Bdsk-File-1 = {YnBsaXN0MDDUAQIDBAUGJCVYJHZlcnNpb25YJG9iamVjdHNZJGFyY2hpdmVyVCR0b3ASAAGGoKgHCBMUFRYaIVUkbnVsbNMJCgsMDxJXTlMua2V5c1pOUy5vYmplY3RzViRjbGFzc6INDoACgAOiEBGABIAFgAdccmVsYXRpdmVQYXRoWWFsaWFzRGF0YV8QHy4uL2hlcm9pbl9wYXBlcnMvTklIX1ZvbGtvdy5wZGbSFwsYGVdOUy5kYXRhTxEB4gAAAAAB4gACAAANTWFjQm9va1BybyBIRAAAAAAAAAAAAAAAAAAA1LjTNEgrAAAALllGDk5JSF9Wb2xrb3cucGRmAAAAAAAAAAAAAAAAAAAAAAAAAAAAAAAAAAAAAAAAAAAAAAAAAAAAAAAAAAAAAAAAAABBTF/W+qkAAAAAAAAAAAAAAQACAAAJIAAAAAAAAAAAAAAAAAAAAA1oZXJvaW5fcGFwZXJzAAAQAAgAANS5GYQAAAARAAgAANb64UAAAAABABgALllGACqckwArtqUADbs3AA27NgAGMGMAAgBfTWFjQm9va1BybyBIRDpVc2VyczoAcGhpbGxpcHM6AERvY3VtZW50czoAUmVzZWFyY2g6AEhlcm9pbl9tb2RlbDoAaGVyb2luX3BhcGVyczoATklIX1ZvbGtvdy5wZGYAAA4AHgAOAE4ASQBIAF8AVgBvAGwAawBvAHcALgBwAGQAZgAPABwADQBNAGEAYwBCAG8AbwBrAFAAcgBvACAASABEABIAS1VzZXJzL3BoaWxsaXBzL0RvY3VtZW50cy9SZXNlYXJjaC9IZXJvaW5fbW9kZWwvaGVyb2luX3BhcGVycy9OSUhfVm9sa293LnBkZgAAEwABLwAAFQACAA///wAAgAbSGxwdHlokY2xhc3NuYW1lWCRjbGFzc2VzXU5TTXV0YWJsZURhdGGjHR8gVk5TRGF0YVhOU09iamVjdNIbHCIjXE5TRGljdGlvbmFyeaIiIF8QD05TS2V5ZWRBcmNoaXZlctEmJ1Ryb290gAEACAARABoAIwAtADIANwBAAEYATQBVAGAAZwBqAGwAbgBxAHMAdQB3AIQAjgCwALUAvQKjAqUCqgK1Ar4CzALQAtcC4ALlAvIC9QMHAwoDDwAAAAAAAAIBAAAAAAAAACgAAAAAAAAAAAAAAAAAAAMR}}

@inbook{Driessche,
	Address = {Berlin, Heidelberg},
	Annote = {Enabled calculation of R0.},
	Author = {Driessche, P. van den and Watmough, J},
	Chapter = {6: Further Notes on the Basic Reproduction Number},
	Date-Added = {2018-06-26 03:41:54 +0000},
	Date-Modified = {2018-06-26 18:43:28 +0000},
	Editor = {Brauer, F and Driessche, P. van den and Wu, J},
	Pages = {159-178},
	Publisher = {Springer},
	Title = {Mathematical Epidemiology},
	Year = {2008},
	Bdsk-File-1 = {YnBsaXN0MDDUAQIDBAUGJCVYJHZlcnNpb25YJG9iamVjdHNZJGFyY2hpdmVyVCR0b3ASAAGGoKgHCBMUFRYaIVUkbnVsbNMJCgsMDxJXTlMua2V5c1pOUy5vYmplY3RzViRjbGFzc6INDoACgAOiEBGABIAFgAdccmVsYXRpdmVQYXRoWWFsaWFzRGF0YV8QMC4uL2hlcm9pbl9wYXBlcnMvY2FsY3VsYXRlUjBfdmFuZGVuRHJpZXNzY2hlLnBkZtIXCxgZV05TLmRhdGFPEQIkAAAAAAIkAAIAAA1NYWNCb29rUHJvIEhEAAAAAAAAAAAAAAAAAADUuNM0SCsAAAAuWUYfY2FsY3VsYXRlUjBfdmFuZGVuRHJpZXNzY2hlLnBkZgAAAAAAAAAAAAAAAAAAAAAAAAAAAAAAAAAAAAAAAAAAADIHEtZ5CdsAAAAAAAAAAAABAAIAAAkgAAAAAAAAAAAAAAAAAAAADWhlcm9pbl9wYXBlcnMAABAACAAA1LkZhAAAABEACAAA1nlQKwAAAAEAGAAuWUYAKpyTACu2pQANuzcADbs2AAYwYwACAHBNYWNCb29rUHJvIEhEOlVzZXJzOgBwaGlsbGlwczoARG9jdW1lbnRzOgBSZXNlYXJjaDoASGVyb2luX21vZGVsOgBoZXJvaW5fcGFwZXJzOgBjYWxjdWxhdGVSMF92YW5kZW5Ecmllc3NjaGUucGRmAA4AQAAfAGMAYQBsAGMAdQBsAGEAdABlAFIAMABfAHYAYQBuAGQAZQBuAEQAcgBpAGUAcwBzAGMAaABlAC4AcABkAGYADwAcAA0ATQBhAGMAQgBvAG8AawBQAHIAbwAgAEgARAASAFxVc2Vycy9waGlsbGlwcy9Eb2N1bWVudHMvUmVzZWFyY2gvSGVyb2luX21vZGVsL2hlcm9pbl9wYXBlcnMvY2FsY3VsYXRlUjBfdmFuZGVuRHJpZXNzY2hlLnBkZgATAAEvAAAVAAIAD///AACABtIbHB0eWiRjbGFzc25hbWVYJGNsYXNzZXNdTlNNdXRhYmxlRGF0YaMdHyBWTlNEYXRhWE5TT2JqZWN00hscIiNcTlNEaWN0aW9uYXJ5oiIgXxAPTlNLZXllZEFyY2hpdmVy0SYnVHJvb3SAAQAIABEAGgAjAC0AMgA3AEAARgBNAFUAYABnAGoAbABuAHEAcwB1AHcAhACOAMEAxgDOAvYC+AL9AwgDEQMfAyMDKgMzAzgDRQNIA1oDXQNiAAAAAAAAAgEAAAAAAAAAKAAAAAAAAAAAAAAAAAAAA2Q=}}

@webpage{CDC2,
	Annote = {2016 National Survey on Drug Use and Health{\ldots}opioid and heroin summary diagrams, descriptions and summaries },
	Author = {Substance Abuse and Mental Health Services Administration},
	Date-Added = {2018-06-26 03:37:20 +0000},
	Date-Modified = {2018-06-26 18:41:22 +0000},
	Title = {Key Substance Use and Mental Health Indicators in the United States: Results from the 2016 National Survey on Drug Use and Health},
	Url = { https://www.samhsa.gov/data/sites/default/files/NSDUH-FFR1-2016/NSDUH-FFR1-2016.pdf},
	Year = {2017},
	Bdsk-File-1 = {YnBsaXN0MDDUAQIDBAUGJCVYJHZlcnNpb25YJG9iamVjdHNZJGFyY2hpdmVyVCR0b3ASAAGGoKgHCBMUFRYaIVUkbnVsbNMJCgsMDxJXTlMua2V5c1pOUy5vYmplY3RzViRjbGFzc6INDoACgAOiEBGABIAFgAdccmVsYXRpdmVQYXRoWWFsaWFzRGF0YV8QMy4uL2hlcm9pbl9wYXBlcnMvTlNEVUhfU3Vic3RhbmNlVXNlUmVzdWx0c19DREMyLnBkZtIXCxgZV05TLmRhdGFPEQIuAAAAAAIuAAIAAA1NYWNCb29rUHJvIEhEAAAAAAAAAAAAAAAAAADUuNM0SCsAAAAuWUYfTlNEVUhfU3Vic3RhbmNlVXNlUmUjNDVCRkI5LnBkZgAAAAAAAAAAAAAAAAAAAAAAAAAAAAAAAAAAAAAAAAAAAEW/udb6KUAAAAAAAAAAAAABAAIAAAkgAAAAAAAAAAAAAAAAAAAADWhlcm9pbl9wYXBlcnMAABAACAAA1LkZhAAAABEACAAA1vphgAAAAAEAGAAuWUYAKpyTACu2pQANuzcADbs2AAYwYwACAHBNYWNCb29rUHJvIEhEOlVzZXJzOgBwaGlsbGlwczoARG9jdW1lbnRzOgBSZXNlYXJjaDoASGVyb2luX21vZGVsOgBoZXJvaW5fcGFwZXJzOgBOU0RVSF9TdWJzdGFuY2VVc2VSZSM0NUJGQjkucGRmAA4ARgAiAE4AUwBEAFUASABfAFMAdQBiAHMAdABhAG4AYwBlAFUAcwBlAFIAZQBzAHUAbAB0AHMAXwBDAEQAQwAyAC4AcABkAGYADwAcAA0ATQBhAGMAQgBvAG8AawBQAHIAbwAgAEgARAASAF9Vc2Vycy9waGlsbGlwcy9Eb2N1bWVudHMvUmVzZWFyY2gvSGVyb2luX21vZGVsL2hlcm9pbl9wYXBlcnMvTlNEVUhfU3Vic3RhbmNlVXNlUmVzdWx0c19DREMyLnBkZgAAEwABLwAAFQACAA///wAAgAbSGxwdHlokY2xhc3NuYW1lWCRjbGFzc2VzXU5TTXV0YWJsZURhdGGjHR8gVk5TRGF0YVhOU09iamVjdNIbHCIjXE5TRGljdGlvbmFyeaIiIF8QD05TS2V5ZWRBcmNoaXZlctEmJ1Ryb290gAEACAARABoAIwAtADIANwBAAEYATQBVAGAAZwBqAGwAbgBxAHMAdQB3AIQAjgDEAMkA0QMDAwUDCgMVAx4DLAMwAzcDQANFA1IDVQNnA2oDbwAAAAAAAAIBAAAAAAAAACgAAAAAAAAAAAAAAAAAAANx}}

@url{CDC1,
	Annote = {Fentanyl 50X more powerful than heroin alone },
	Date-Added = {2018-06-26 02:49:22 +0000},
	Date-Modified = {2018-06-26 18:48:50 +0000},
	Month = {December},
	Title = {Synthetic Opioid Overdose Data},
	Url = {https://www.cdc.gov/drugoverdose/data/fentanyl.html},
	Urldate = {December 16, 2016},
	Year = {2016},
	Bdsk-File-1 = {YnBsaXN0MDDUAQIDBAUGJCVYJHZlcnNpb25YJG9iamVjdHNZJGFyY2hpdmVyVCR0b3ASAAGGoKgHCBMUFRYaIVUkbnVsbNMJCgsMDxJXTlMua2V5c1pOUy5vYmplY3RzViRjbGFzc6INDoACgAOiEBGABIAFgAdccmVsYXRpdmVQYXRoWWFsaWFzRGF0YV8QJi4uL2hlcm9pbl9wYXBlcnMvRmVudGFueWxfNTB4X0NEQzEucGRm0hcLGBlXTlMuZGF0YU8RAfwAAAAAAfwAAgAADU1hY0Jvb2tQcm8gSEQAAAAAAAAAAAAAAAAAANS40zRIKwAAAC5ZRhVGZW50YW55bF81MHhfQ0RDMS5wZGYAAAAAAAAAAAAAAAAAAAAAAAAAAAAAAAAAAAAAAAAAAAAAAAAAAAAAAAAAQpJK1w3tsgAAAAAAAAAAAAEAAgAACSAAAAAAAAAAAAAAAAAAAAANaGVyb2luX3BhcGVycwAAEAAIAADUuRmEAAAAEQAIAADXDiXyAAAAAQAYAC5ZRgAqnJMAK7alAA27NwANuzYABjBjAAIAZk1hY0Jvb2tQcm8gSEQ6VXNlcnM6AHBoaWxsaXBzOgBEb2N1bWVudHM6AFJlc2VhcmNoOgBIZXJvaW5fbW9kZWw6AGhlcm9pbl9wYXBlcnM6AEZlbnRhbnlsXzUweF9DREMxLnBkZgAOACwAFQBGAGUAbgB0AGEAbgB5AGwAXwA1ADAAeABfAEMARABDADEALgBwAGQAZgAPABwADQBNAGEAYwBCAG8AbwBrAFAAcgBvACAASABEABIAUlVzZXJzL3BoaWxsaXBzL0RvY3VtZW50cy9SZXNlYXJjaC9IZXJvaW5fbW9kZWwvaGVyb2luX3BhcGVycy9GZW50YW55bF81MHhfQ0RDMS5wZGYAEwABLwAAFQACAA///wAAgAbSGxwdHlokY2xhc3NuYW1lWCRjbGFzc2VzXU5TTXV0YWJsZURhdGGjHR8gVk5TRGF0YVhOU09iamVjdNIbHCIjXE5TRGljdGlvbmFyeaIiIF8QD05TS2V5ZWRBcmNoaXZlctEmJ1Ryb290gAEACAARABoAIwAtADIANwBAAEYATQBVAGAAZwBqAGwAbgBxAHMAdQB3AIQAjgC3ALwAxALEAsYCywLWAt8C7QLxAvgDAQMGAxMDFgMoAysDMAAAAAAAAAIBAAAAAAAAACgAAAAAAAAAAAAAAAAAAAMy}}

@electronic{NSDUH1,
	Annote = {2016 National Survey on Drug Use and Health{\ldots}opioid and heroin summary diagrams },
	Date-Added = {2018-06-26 02:40:37 +0000},
	Date-Modified = {2018-06-26 18:50:24 +0000},
	Title = {2016 {NSDUH} Report: America's Behavioral Health Changes and Challenges},
	Url = {https://www.samhsa.gov/sites/default/files/topics/data_outcomes_quality/nsduh-ppt-09-2017.pdf },
	Bdsk-File-1 = {YnBsaXN0MDDUAQIDBAUGJCVYJHZlcnNpb25YJG9iamVjdHNZJGFyY2hpdmVyVCR0b3ASAAGGoKgHCBMUFRYaIVUkbnVsbNMJCgsMDxJXTlMua2V5c1pOUy5vYmplY3RzViRjbGFzc6INDoACgAOiEBGABIAFgAdccmVsYXRpdmVQYXRoWWFsaWFzRGF0YV8QLy4uL2hlcm9pbl9wYXBlcnMvTlNEVUhfaGVyb2luX2RlYXRoc19OU0RVSDEucGRm0hcLGBlXTlMuZGF0YU8RAiIAAAAAAiIAAgAADU1hY0Jvb2tQcm8gSEQAAAAAAAAAAAAAAAAAANS40zRIKwAAAC5ZRh5OU0RVSF9oZXJvaW5fZGVhdGhzX05TRFVIMS5wZGYAAAAAAAAAAAAAAAAAAAAAAAAAAAAAAAAAAAAAAAAAAAAARmBI1voqKgAAAAAAAAAAAAEAAgAACSAAAAAAAAAAAAAAAAAAAAANaGVyb2luX3BhcGVycwAAEAAIAADUuRmEAAAAEQAIAADW+mJqAAAAAQAYAC5ZRgAqnJMAK7alAA27NwANuzYABjBjAAIAb01hY0Jvb2tQcm8gSEQ6VXNlcnM6AHBoaWxsaXBzOgBEb2N1bWVudHM6AFJlc2VhcmNoOgBIZXJvaW5fbW9kZWw6AGhlcm9pbl9wYXBlcnM6AE5TRFVIX2hlcm9pbl9kZWF0aHNfTlNEVUgxLnBkZgAADgA+AB4ATgBTAEQAVQBIAF8AaABlAHIAbwBpAG4AXwBkAGUAYQB0AGgAcwBfAE4AUwBEAFUASAAxAC4AcABkAGYADwAcAA0ATQBhAGMAQgBvAG8AawBQAHIAbwAgAEgARAASAFtVc2Vycy9waGlsbGlwcy9Eb2N1bWVudHMvUmVzZWFyY2gvSGVyb2luX21vZGVsL2hlcm9pbl9wYXBlcnMvTlNEVUhfaGVyb2luX2RlYXRoc19OU0RVSDEucGRmAAATAAEvAAAVAAIAD///AACABtIbHB0eWiRjbGFzc25hbWVYJGNsYXNzZXNdTlNNdXRhYmxlRGF0YaMdHyBWTlNEYXRhWE5TT2JqZWN00hscIiNcTlNEaWN0aW9uYXJ5oiIgXxAPTlNLZXllZEFyY2hpdmVy0SYnVHJvb3SAAQAIABEAGgAjAC0AMgA3AEAARgBNAFUAYABnAGoAbABuAHEAcwB1AHcAhACOAMAAxQDNAvMC9QL6AwUDDgMcAyADJwMwAzUDQgNFA1cDWgNfAAAAAAAAAgEAAAAAAAAAKAAAAAAAAAAAAAAAAAAAA2E=}}

@article{Battista,
	Annote = {NOTE: This annotation is from the first copy; parts have changed by now (see updated copy, and notes in my heroin paper), but gives AN idea. 


-opioid addiction rooted in legal, prescription medication
*addiction-free state only occurs if no opioids are available OR only available on the black market (i.e. only happens when prescription-based addict possibility is eliminated and that Rx's do not cause addictions for non-patients who obtain them). 
-opioid use was endorsed for noncancer-related pain and by 2000, doctors required to prove they were assessing and treating pain in which opioids were proof of this
-increase in prescriptions has led to abuse affecting all age demographics because obtaining excess pills from relatives, etc. 
-opioid crisis declared in the US in October 2017
-misconceptions that opioids are safe, and so aren't taken with caution. Opioid addicts turn over to heroin because cheaper (⅘ abused opioids prior to heroin). 
-create and analyze an epidemic SIR-type model which is a compartmental DE model for prescription opioids.
-Goal is to project long-term trends to tackle the epidemic on a longer time scale.
-SPAR, assume population is constant
-90% relapse rate during first year in recovery and 70% within the first month
-R_0 (reproduction number) computed, which is the # of new opioid addictions per current addicted or recovering user. (>1 → epidemic grows). Both addiction and recovered populations considered infected states because AFE means both of these need to be 0.
-R_0 calculated to be <1 for feasible parameters. 
-interesting result: increasing prescription rate reduces R_0, so can be a control if only those who should take them do take them (maybe through a method such as monitoring). 
-Ran sensitivity analysis to see how AFE reacts: concluded that near AFE, reducing addiction from prescribed use is more important than reducing prescriptions getting into the hands of non-prescribed users. 
-Conclusions from simulations: 
*to reduce the number of addicts, low # of Rx's and high rate of entering recovery is needed
*while varying beta (rate of getting opioids illegally), endemic states not altered by rate of Rx very much
-assume after one year, all users fall back into susceptible or addicted 
** "actively reducing the number of addictions caused directly by prescribed medication is a critical first step in combating the opioid addiction crisis." ** Can't get addiction free state with addiction coming from prescriptions!!!
Main point: "our results confirm that necessary measures to combating the opioid epidemic include lowering the number of medically prescribed painkillers, more successful treatment regimens, and increasing the availability, ease and motivation for opioid addicts to enter treatment." 
},
	Author = {Battista, N, and Pearcy, L, and Strickland, WC},
	Date-Added = {2018-06-26 02:09:39 +0000},
	Date-Modified = {2018-06-26 18:44:09 +0000},
	Journal = {NEED TO UPDATE},
	Title = {NEED TO UPDATE: Modeling the prescription opioid epidemic},
	Year = {2018},
	Bdsk-File-1 = {YnBsaXN0MDDUAQIDBAUGJCVYJHZlcnNpb25YJG9iamVjdHNZJGFyY2hpdmVyVCR0b3ASAAGGoKgHCBMUFRYaIVUkbnVsbNMJCgsMDxJXTlMua2V5c1pOUy5vYmplY3RzViRjbGFzc6INDoACgAOiEBGABIAFgAdccmVsYXRpdmVQYXRoWWFsaWFzRGF0YV8QJS4uL2hlcm9pbl9wYXBlcnMvb3Bpb2lkc19iYXR0aXN0YS5wZGbSFwsYGVdOUy5kYXRhTxEB+gAAAAAB+gACAAANTWFjQm9va1BybyBIRAAAAAAAAAAAAAAAAAAA1LjTNEgrAAAALllGFG9waW9pZHNfYmF0dGlzdGEucGRmAAAAAAAAAAAAAAAAAAAAAAAAAAAAAAAAAAAAAAAAAAAAAAAAAAAAAAAAAABFD1nXQdu5AAAAAAAAAAAAAQACAAAJIAAAAAAAAAAAAAAAAAAAAA1oZXJvaW5fcGFwZXJzAAAQAAgAANS5GYQAAAARAAgAANdCE/kAAAABABgALllGACqckwArtqUADbs3AA27NgAGMGMAAgBlTWFjQm9va1BybyBIRDpVc2VyczoAcGhpbGxpcHM6AERvY3VtZW50czoAUmVzZWFyY2g6AEhlcm9pbl9tb2RlbDoAaGVyb2luX3BhcGVyczoAb3Bpb2lkc19iYXR0aXN0YS5wZGYAAA4AKgAUAG8AcABpAG8AaQBkAHMAXwBiAGEAdAB0AGkAcwB0AGEALgBwAGQAZgAPABwADQBNAGEAYwBCAG8AbwBrAFAAcgBvACAASABEABIAUVVzZXJzL3BoaWxsaXBzL0RvY3VtZW50cy9SZXNlYXJjaC9IZXJvaW5fbW9kZWwvaGVyb2luX3BhcGVycy9vcGlvaWRzX2JhdHRpc3RhLnBkZgAAEwABLwAAFQACAA///wAAgAbSGxwdHlokY2xhc3NuYW1lWCRjbGFzc2VzXU5TTXV0YWJsZURhdGGjHR8gVk5TRGF0YVhOU09iamVjdNIbHCIjXE5TRGljdGlvbmFyeaIiIF8QD05TS2V5ZWRBcmNoaXZlctEmJ1Ryb290gAEACAARABoAIwAtADIANwBAAEYATQBVAGAAZwBqAGwAbgBxAHMAdQB3AIQAjgC2ALsAwwLBAsMCyALTAtwC6gLuAvUC/gMDAxADEwMlAygDLQAAAAAAAAIBAAAAAAAAACgAAAAAAAAAAAAAAAAAAAMv}}
