%% This BibTeX bibliography file was created using BibDesk.
%% http://bibdesk.sourceforge.net/

%% Created for Phillips, Tricia at 2018-08-02 17:33:18 -0400 


%% Saved with string encoding Unicode (UTF-8) 



@article{Abdurahman,
	Author = {Xamxinur Abdurahman and Ling Shang and Zhidong Teng},
	Date-Added = {2018-08-02 21:32:59 +0000},
	Date-Modified = {2018-08-02 21:32:59 +0000},
	Journal = {Abstract and Applied Analysis},
	Title = {Global Dynamics of a Discretized Heroin Epidemic Model with Time Delay},
	Volume = {2014},
	Year = {2014},
	Bdsk-File-1 = {YnBsaXN0MDDUAQIDBAUGJCVYJHZlcnNpb25YJG9iamVjdHNZJGFyY2hpdmVyVCR0b3ASAAGGoKgHCBMUFRYaIVUkbnVsbNMJCgsMDxJXTlMua2V5c1pOUy5vYmplY3RzViRjbGFzc6INDoACgAOiEBGABIAFgAdccmVsYXRpdmVQYXRoWWFsaWFzRGF0YV8QPUhlcm9pbl9tb2RlbC9oZXJvaW5fcGFwZXJzL0FiZHVyYWhtYW5fRGlzY3JldGVfVGltZV9EZWxheS5wZGbSFwsYGVdOUy5kYXRhTxECLgAAAAACLgACAAANTWFjQm9va1BybyBIRAAAAAAAAAAAAAAAAAAA1LjTNEgrAAAALllGH0FiZHVyYWhtYW5fRGlzY3JldGVfIzQ3RjBEOS5wZGYAAAAAAAAAAAAAAAAAAAAAAAAAAAAAAAAAAAAAAAAAAABH8NnXc+SmAAAAAAAAAAAAAQAEAAAJIAAAAAAAAAAAAAAAAAAAAA1oZXJvaW5fcGFwZXJzAAAQAAgAANS5GYQAAAARAAgAANd0HOYAAAABABgALllGACqckwArtqUADbs3AA27NgAGMGMAAgBwTWFjQm9va1BybyBIRDpVc2VyczoAcGhpbGxpcHM6AERvY3VtZW50czoAUmVzZWFyY2g6AEhlcm9pbl9tb2RlbDoAaGVyb2luX3BhcGVyczoAQWJkdXJhaG1hbl9EaXNjcmV0ZV8jNDdGMEQ5LnBkZgAOAEYAIgBBAGIAZAB1AHIAYQBoAG0AYQBuAF8ARABpAHMAYwByAGUAdABlAF8AVABpAG0AZQBfAEQAZQBsAGEAeQAuAHAAZABmAA8AHAANAE0AYQBjAEIAbwBvAGsAUAByAG8AIABIAEQAEgBfVXNlcnMvcGhpbGxpcHMvRG9jdW1lbnRzL1Jlc2VhcmNoL0hlcm9pbl9tb2RlbC9oZXJvaW5fcGFwZXJzL0FiZHVyYWhtYW5fRGlzY3JldGVfVGltZV9EZWxheS5wZGYAABMAAS8AABUAAgAP//8AAIAG0hscHR5aJGNsYXNzbmFtZVgkY2xhc3Nlc11OU011dGFibGVEYXRhox0fIFZOU0RhdGFYTlNPYmplY3TSGxwiI1xOU0RpY3Rpb25hcnmiIiBfEA9OU0tleWVkQXJjaGl2ZXLRJidUcm9vdIABAAgAEQAaACMALQAyADcAQABGAE0AVQBgAGcAagBsAG4AcQBzAHUAdwCEAI4AzgDTANsDDQMPAxQDHwMoAzYDOgNBA0oDTwNcA18DcQN0A3kAAAAAAAACAQAAAAAAAAAoAAAAAAAAAAAAAAAAAAADew==}}

@article{Agar,
	Abstract = { In a recent article in this journal, the author explored complexity theory as a potential resource for anthropological research, using ongoing research on heroin trends as the example. In this article, the research on trends among a sample of youth in Baltimore County is again used. A preliminary computer simulation of the research results is reported. The simulation was written in the Starlogo language, a language designed to introduce agent-based modeling. The results show that key elements of the explanation of experimentation can be modeled and that the outcomes show potential use in intervention as well as validation of the anthropological research. However, the exercise also reveals limits of the model and problems in translation into the programming language. },
	Author = {Michael H. Agar},
	Date-Added = {2018-08-02 21:32:59 +0000},
	Date-Modified = {2018-08-02 21:32:59 +0000},
	Doi = {10.1177/1525822X0101300403},
	Eprint = {https://doi.org/10.1177/1525822X0101300403},
	Journal = {Field Methods},
	Number = {4},
	Pages = {353-369},
	Title = {Another Complex Step: A Model of Heroin Experimentation},
	Url = {https://doi.org/10.1177/1525822X0101300403},
	Volume = {13},
	Year = {2001},
	Bdsk-File-1 = {YnBsaXN0MDDUAQIDBAUGJCVYJHZlcnNpb25YJG9iamVjdHNZJGFyY2hpdmVyVCR0b3ASAAGGoKgHCBMUFRYaIVUkbnVsbNMJCgsMDxJXTlMua2V5c1pOUy5vYmplY3RzViRjbGFzc6INDoACgAOiEBGABIAFgAdccmVsYXRpdmVQYXRoWWFsaWFzRGF0YV8QN0hlcm9pbl9tb2RlbC9oZXJvaW5fcGFwZXJzL0FnYXJfQU1CX0V4cGVyaW1lbnRhdGlvbi5wZGbSFwsYGVdOUy5kYXRhTxECGgAAAAACGgACAAANTWFjQm9va1BybyBIRAAAAAAAAAAAAAAAAAAA1LjTNEgrAAAALllGHEFnYXJfQU1CX0V4cGVyaW1lbnRhdGlvbi5wZGYAAAAAAAAAAAAAAAAAAAAAAAAAAAAAAAAAAAAAAAAAAAAAAABJN13XhOTpAAAAAAAAAAAAAQAEAAAJIAAAAAAAAAAAAAAAAAAAAA1oZXJvaW5fcGFwZXJzAAAQAAgAANS5GYQAAAARAAgAANeFHSkAAAABABgALllGACqckwArtqUADbs3AA27NgAGMGMAAgBtTWFjQm9va1BybyBIRDpVc2VyczoAcGhpbGxpcHM6AERvY3VtZW50czoAUmVzZWFyY2g6AEhlcm9pbl9tb2RlbDoAaGVyb2luX3BhcGVyczoAQWdhcl9BTUJfRXhwZXJpbWVudGF0aW9uLnBkZgAADgA6ABwAQQBnAGEAcgBfAEEATQBCAF8ARQB4AHAAZQByAGkAbQBlAG4AdABhAHQAaQBvAG4ALgBwAGQAZgAPABwADQBNAGEAYwBCAG8AbwBrAFAAcgBvACAASABEABIAWVVzZXJzL3BoaWxsaXBzL0RvY3VtZW50cy9SZXNlYXJjaC9IZXJvaW5fbW9kZWwvaGVyb2luX3BhcGVycy9BZ2FyX0FNQl9FeHBlcmltZW50YXRpb24ucGRmAAATAAEvAAAVAAIAD///AACABtIbHB0eWiRjbGFzc25hbWVYJGNsYXNzZXNdTlNNdXRhYmxlRGF0YaMdHyBWTlNEYXRhWE5TT2JqZWN00hscIiNcTlNEaWN0aW9uYXJ5oiIgXxAPTlNLZXllZEFyY2hpdmVy0SYnVHJvb3SAAQAIABEAGgAjAC0AMgA3AEAARgBNAFUAYABnAGoAbABuAHEAcwB1AHcAhACOAMgAzQDVAvMC9QL6AwUDDgMcAyADJwMwAzUDQgNFA1cDWgNfAAAAAAAAAgEAAAAAAAAAKAAAAAAAAAAAAAAAAAAAA2E=}}

@article{APSQCC,
	Annote = {American Pain Society pushing pain to be better treated in 1995. },
	Author = {{American Pain Society Quality of Care Committee}},
	Date-Added = {2018-08-02 21:32:59 +0000},
	Date-Modified = {2018-08-02 21:32:59 +0000},
	Journal = {JAMA},
	Number = {23},
	Pages = {1874-1880},
	Title = {Quality Improvement Guidelines for the Treatment of Acute Pain and Cancer Pain},
	Volume = {274},
	Year = {1995},
	Bdsk-File-1 = {YnBsaXN0MDDUAQIDBAUGJCVYJHZlcnNpb25YJG9iamVjdHNZJGFyY2hpdmVyVCR0b3ASAAGGoKgHCBMUFRYaIVUkbnVsbNMJCgsMDxJXTlMua2V5c1pOUy5vYmplY3RzViRjbGFzc6INDoACgAOiEBGABIAFgAdccmVsYXRpdmVQYXRoWWFsaWFzRGF0YV8QO0hlcm9pbl9tb2RlbC9oZXJvaW5fcGFwZXJzL0FQU1FDQ19QYWluX2ZpZnRoX3ZpdGFsX3NpZ24ucGRm0hcLGBlXTlMuZGF0YU8RAigAAAAAAigAAgAADU1hY0Jvb2tQcm8gSEQAAAAAAAAAAAAAAAAAANS40zRIKwAAAC5ZRh9BUFNRQ0NfUGFpbl9maWZ0aF92aSM0N0Y0RjkucGRmAAAAAAAAAAAAAAAAAAAAAAAAAAAAAAAAAAAAAAAAAAAAR/T513Pu5gAAAAAAAAAAAAEABAAACSAAAAAAAAAAAAAAAAAAAAANaGVyb2luX3BhcGVycwAAEAAIAADUuRmEAAAAEQAIAADXdCcmAAAAAQAYAC5ZRgAqnJMAK7alAA27NwANuzYABjBjAAIAcE1hY0Jvb2tQcm8gSEQ6VXNlcnM6AHBoaWxsaXBzOgBEb2N1bWVudHM6AFJlc2VhcmNoOgBIZXJvaW5fbW9kZWw6AGhlcm9pbl9wYXBlcnM6AEFQU1FDQ19QYWluX2ZpZnRoX3ZpIzQ3RjRGOS5wZGYADgBCACAAQQBQAFMAUQBDAEMAXwBQAGEAaQBuAF8AZgBpAGYAdABoAF8AdgBpAHQAYQBsAF8AcwBpAGcAbgAuAHAAZABmAA8AHAANAE0AYQBjAEIAbwBvAGsAUAByAG8AIABIAEQAEgBdVXNlcnMvcGhpbGxpcHMvRG9jdW1lbnRzL1Jlc2VhcmNoL0hlcm9pbl9tb2RlbC9oZXJvaW5fcGFwZXJzL0FQU1FDQ19QYWluX2ZpZnRoX3ZpdGFsX3NpZ24ucGRmAAATAAEvAAAVAAIAD///AACABtIbHB0eWiRjbGFzc25hbWVYJGNsYXNzZXNdTlNNdXRhYmxlRGF0YaMdHyBWTlNEYXRhWE5TT2JqZWN00hscIiNcTlNEaWN0aW9uYXJ5oiIgXxAPTlNLZXllZEFyY2hpdmVy0SYnVHJvb3SAAQAIABEAGgAjAC0AMgA3AEAARgBNAFUAYABnAGoAbABuAHEAcwB1AHcAhACOAMwA0QDZAwUDBwMMAxcDIAMuAzIDOQNCA0cDVANXA2kDbANxAAAAAAAAAgEAAAAAAAAAKAAAAAAAAAAAAAAAAAAAA3M=}}

@article{Battista,
	Annote = {NOTE: This annotation is from the first copy; parts have changed by now (see updated copy, and notes in my heroin paper), but gives AN idea. 


-opioid addiction rooted in legal, prescription medication
*addiction-free state only occurs if no opioids are available OR only available on the black market (i.e. only happens when prescription-based addict possibility is eliminated and that Rx's do not cause addictions for non-patients who obtain them). 
-opioid use was endorsed for noncancer-related pain and by 2000, doctors required to prove they were assessing and treating pain in which opioids were proof of this
-increase in prescriptions has led to abuse affecting all age demographics because obtaining excess pills from relatives, etc. 
-opioid crisis declared in the US in October 2017
-misconceptions that opioids are safe, and so aren't taken with caution. Opioid addicts turn over to heroin because cheaper (⅘ abused opioids prior to heroin). 
-create and analyze an epidemic SIR-type model which is a compartmental DE model for prescription opioids.
-Goal is to project long-term trends to tackle the epidemic on a longer time scale.
-SPAR, assume population is constant
-90% relapse rate during first year in recovery and 70% within the first month
-R_0 (reproduction number) computed, which is the # of new opioid addictions per current addicted or recovering user. (>1 → epidemic grows). Both addiction and recovered populations considered infected states because AFE means both of these need to be 0.
-R_0 calculated to be <1 for feasible parameters. 
-interesting result: increasing prescription rate reduces R_0, so can be a control if only those who should take them do take them (maybe through a method such as monitoring). 
-Ran sensitivity analysis to see how AFE reacts: concluded that near AFE, reducing addiction from prescribed use is more important than reducing prescriptions getting into the hands of non-prescribed users. 
-Conclusions from simulations: 
*to reduce the number of addicts, low # of Rx's and high rate of entering recovery is needed
*while varying beta (rate of getting opioids illegally), endemic states not altered by rate of Rx very much
-assume after one year, all users fall back into susceptible or addicted 
** "actively reducing the number of addictions caused directly by prescribed medication is a critical first step in combating the opioid addiction crisis." ** Can't get addiction free state with addiction coming from prescriptions!!!
Main point: "our results confirm that necessary measures to combating the opioid epidemic include lowering the number of medically prescribed painkillers, more successful treatment regimens, and increasing the availability, ease and motivation for opioid addicts to enter treatment." 
},
	Author = {Nicholas Battista and Leigh Pearcy and W. Christopher Strickland},
	Date-Added = {2018-08-02 21:32:59 +0000},
	Date-Modified = {2018-08-02 21:32:59 +0000},
	Journal = {NEED TO UPDATE},
	Title = {Modeling the prescription opioid epidemic},
	Year = {2018},
	Bdsk-File-1 = {YnBsaXN0MDDUAQIDBAUGJCVYJHZlcnNpb25YJG9iamVjdHNZJGFyY2hpdmVyVCR0b3ASAAGGoKgHCBMUFRYaIVUkbnVsbNMJCgsMDxJXTlMua2V5c1pOUy5vYmplY3RzViRjbGFzc6INDoACgAOiEBGABIAFgAdccmVsYXRpdmVQYXRoWWFsaWFzRGF0YV8QL0hlcm9pbl9tb2RlbC9oZXJvaW5fcGFwZXJzL0JhdHRpc3RhX09waW9pZHMucGRm0hcLGBlXTlMuZGF0YU8RAfoAAAAAAfoAAgAADU1hY0Jvb2tQcm8gSEQAAAAAAAAAAAAAAAAAANS40zRIKwAAAC5ZRhRCYXR0aXN0YV9PcGlvaWRzLnBkZgAAAAAAAAAAAAAAAAAAAAAAAAAAAAAAAAAAAAAAAAAAAAAAAAAAAAAAAAAARQ9Z10HbuQAAAAAAAAAAAAEABAAACSAAAAAAAAAAAAAAAAAAAAANaGVyb2luX3BhcGVycwAAEAAIAADUuRmEAAAAEQAIAADXQhP5AAAAAQAYAC5ZRgAqnJMAK7alAA27NwANuzYABjBjAAIAZU1hY0Jvb2tQcm8gSEQ6VXNlcnM6AHBoaWxsaXBzOgBEb2N1bWVudHM6AFJlc2VhcmNoOgBIZXJvaW5fbW9kZWw6AGhlcm9pbl9wYXBlcnM6AEJhdHRpc3RhX09waW9pZHMucGRmAAAOACoAFABCAGEAdAB0AGkAcwB0AGEAXwBPAHAAaQBvAGkAZABzAC4AcABkAGYADwAcAA0ATQBhAGMAQgBvAG8AawBQAHIAbwAgAEgARAASAFFVc2Vycy9waGlsbGlwcy9Eb2N1bWVudHMvUmVzZWFyY2gvSGVyb2luX21vZGVsL2hlcm9pbl9wYXBlcnMvQmF0dGlzdGFfT3Bpb2lkcy5wZGYAABMAAS8AABUAAgAP//8AAIAG0hscHR5aJGNsYXNzbmFtZVgkY2xhc3Nlc11OU011dGFibGVEYXRhox0fIFZOU0RhdGFYTlNPYmplY3TSGxwiI1xOU0RpY3Rpb25hcnmiIiBfEA9OU0tleWVkQXJjaGl2ZXLRJidUcm9vdIABAAgAEQAaACMALQAyADcAQABGAE0AVQBgAGcAagBsAG4AcQBzAHUAdwCEAI4AwADFAM0CywLNAtIC3QLmAvQC+AL/AwgDDQMaAx0DLwMyAzcAAAAAAAACAQAAAAAAAAAoAAAAAAAAAAAAAAAAAAADOQ==}}

@proceedings{Benneyan,
	Author = {James Benneyan and Jaqueline Garrahan and Iulian Ilieș and Xiaoli Duan},
	Booktitle = {2017 Winter Simulation Conference (WSC)},
	Date-Added = {2018-08-02 21:32:59 +0000},
	Date-Modified = {2018-08-02 21:32:59 +0000},
	Month = {December},
	Pages = {2821-2832},
	Title = {Modeling approaches, challenges, and preliminary results for the opioid and heroin co-epidemic crisis},
	Year = {2017},
	Bdsk-File-1 = {YnBsaXN0MDDUAQIDBAUGJCVYJHZlcnNpb25YJG9iamVjdHNZJGFyY2hpdmVyVCR0b3ASAAGGoKgHCBMUFRYaIVUkbnVsbNMJCgsMDxJXTlMua2V5c1pOUy5vYmplY3RzViRjbGFzc6INDoACgAOiEBGABIAFgAdccmVsYXRpdmVQYXRoWWFsaWFzRGF0YV8QK0hlcm9pbl9tb2RlbC9oZXJvaW5fcGFwZXJzL0Jlbm5leWFuX0FCTS5wZGbSFwsYGVdOUy5kYXRhTxEB6gAAAAAB6gACAAANTWFjQm9va1BybyBIRAAAAAAAAAAAAAAAAAAA1LjTNEgrAAAALllGEEJlbm5leWFuX0FCTS5wZGYAAAAAAAAAAAAAAAAAAAAAAAAAAAAAAAAAAAAAAAAAAAAAAAAAAAAAAAAAAAAAAABJJozXg7w8AAAAAAAAAAAAAQAEAAAJIAAAAAAAAAAAAAAAAAAAAA1oZXJvaW5fcGFwZXJzAAAQAAgAANS5GYQAAAARAAgAANeD9HwAAAABABgALllGACqckwArtqUADbs3AA27NgAGMGMAAgBhTWFjQm9va1BybyBIRDpVc2VyczoAcGhpbGxpcHM6AERvY3VtZW50czoAUmVzZWFyY2g6AEhlcm9pbl9tb2RlbDoAaGVyb2luX3BhcGVyczoAQmVubmV5YW5fQUJNLnBkZgAADgAiABAAQgBlAG4AbgBlAHkAYQBuAF8AQQBCAE0ALgBwAGQAZgAPABwADQBNAGEAYwBCAG8AbwBrAFAAcgBvACAASABEABIATVVzZXJzL3BoaWxsaXBzL0RvY3VtZW50cy9SZXNlYXJjaC9IZXJvaW5fbW9kZWwvaGVyb2luX3BhcGVycy9CZW5uZXlhbl9BQk0ucGRmAAATAAEvAAAVAAIAD///AACABtIbHB0eWiRjbGFzc25hbWVYJGNsYXNzZXNdTlNNdXRhYmxlRGF0YaMdHyBWTlNEYXRhWE5TT2JqZWN00hscIiNcTlNEaWN0aW9uYXJ5oiIgXxAPTlNLZXllZEFyY2hpdmVy0SYnVHJvb3SAAQAIABEAGgAjAC0AMgA3AEAARgBNAFUAYABnAGoAbABuAHEAcwB1AHcAhACOALwAwQDJArcCuQK+AskC0gLgAuQC6wL0AvkDBgMJAxsDHgMjAAAAAAAAAgEAAAAAAAAAKAAAAAAAAAAAAAAAAAAAAyU=}}

@misc{CDC1,
	Annote = {Fentanyl 50X more powerful than heroin alone },
	Author = {{Centers for Disease Control and Prevention}},
	Date-Added = {2018-08-02 21:32:59 +0000},
	Date-Modified = {2018-08-02 21:32:59 +0000},
	Howpublished = {Available at https://www.cdc.gov/drugoverdose/data/fentanyl.html (accessed 05/01/2018)},
	Month = {December},
	Title = {Synthetic Opioid Overdose Data},
	Urldate = {December 16, 2016},
	Year = {2016},
	Bdsk-File-1 = {YnBsaXN0MDDUAQIDBAUGJCVYJHZlcnNpb25YJG9iamVjdHNZJGFyY2hpdmVyVCR0b3ASAAGGoKgHCBMUFRYaIVUkbnVsbNMJCgsMDxJXTlMua2V5c1pOUy5vYmplY3RzViRjbGFzc6INDoACgAOiEBGABIAFgAdccmVsYXRpdmVQYXRoWWFsaWFzRGF0YV8QMEhlcm9pbl9tb2RlbC9oZXJvaW5fcGFwZXJzL0NEQzFfRmVudGFueWxfNTB4LnBkZtIXCxgZV05TLmRhdGFPEQH8AAAAAAH8AAIAAA1NYWNCb29rUHJvIEhEAAAAAAAAAAAAAAAAAADUuNM0SCsAAAAuWUYVQ0RDMV9GZW50YW55bF81MHgucGRmAAAAAAAAAAAAAAAAAAAAAAAAAAAAAAAAAAAAAAAAAAAAAAAAAAAAAAAAAEKSStcN7bIAAAAAAAAAAAABAAQAAAkgAAAAAAAAAAAAAAAAAAAADWhlcm9pbl9wYXBlcnMAABAACAAA1LkZhAAAABEACAAA1w4l8gAAAAEAGAAuWUYAKpyTACu2pQANuzcADbs2AAYwYwACAGZNYWNCb29rUHJvIEhEOlVzZXJzOgBwaGlsbGlwczoARG9jdW1lbnRzOgBSZXNlYXJjaDoASGVyb2luX21vZGVsOgBoZXJvaW5fcGFwZXJzOgBDREMxX0ZlbnRhbnlsXzUweC5wZGYADgAsABUAQwBEAEMAMQBfAEYAZQBuAHQAYQBuAHkAbABfADUAMAB4AC4AcABkAGYADwAcAA0ATQBhAGMAQgBvAG8AawBQAHIAbwAgAEgARAASAFJVc2Vycy9waGlsbGlwcy9Eb2N1bWVudHMvUmVzZWFyY2gvSGVyb2luX21vZGVsL2hlcm9pbl9wYXBlcnMvQ0RDMV9GZW50YW55bF81MHgucGRmABMAAS8AABUAAgAP//8AAIAG0hscHR5aJGNsYXNzbmFtZVgkY2xhc3Nlc11OU011dGFibGVEYXRhox0fIFZOU0RhdGFYTlNPYmplY3TSGxwiI1xOU0RpY3Rpb25hcnmiIiBfEA9OU0tleWVkQXJjaGl2ZXLRJidUcm9vdIABAAgAEQAaACMALQAyADcAQABGAE0AVQBgAGcAagBsAG4AcQBzAHUAdwCEAI4AwQDGAM4CzgLQAtUC4ALpAvcC+wMCAwsDEAMdAyADMgM1AzoAAAAAAAACAQAAAAAAAAAoAAAAAAAAAAAAAAAAAAADPA==}}

@misc{CDC2,
	Annote = {2016 National Survey on Drug Use and Health{\ldots}opioid and heroin summary diagrams, descriptions and summaries },
	Author = {{Substance Abuse and Mental Health Services Administration}},
	Date-Added = {2018-08-02 21:32:59 +0000},
	Date-Modified = {2018-08-02 21:32:59 +0000},
	Howpublished = {Available at https://www.samhsa.gov/data/sites/default/files/NSDUH-FFR1-2016/NSDUH-FFR1-2016.pdf (accessed 06/14/2018)},
	Month = {September},
	Title = {Key Substance Use and Mental Health Indicators in the {U}nited {S}tates: Results from the 2016 National Survey on Drug Use and Health},
	Year = {2017},
	Bdsk-File-1 = {YnBsaXN0MDDUAQIDBAUGJCVYJHZlcnNpb25YJG9iamVjdHNZJGFyY2hpdmVyVCR0b3ASAAGGoKgHCBMUFRYaIVUkbnVsbNMJCgsMDxJXTlMua2V5c1pOUy5vYmplY3RzViRjbGFzc6INDoACgAOiEBGABIAFgAdccmVsYXRpdmVQYXRoWWFsaWFzRGF0YV8QPUhlcm9pbl9tb2RlbC9oZXJvaW5fcGFwZXJzL0NEQzJfTlNEVUhfU3Vic3RhbmNlVXNlUmVzdWx0cy5wZGbSFwsYGVdOUy5kYXRhTxECLgAAAAACLgACAAANTWFjQm9va1BybyBIRAAAAAAAAAAAAAAAAAAA1LjTNEgrAAAALllGH0NEQzJfTlNEVUhfU3Vic3RhbmNlIzQ1QkZCOS5wZGYAAAAAAAAAAAAAAAAAAAAAAAAAAAAAAAAAAAAAAAAAAABFv7nW+ilAAAAAAAAAAAAAAQAEAAAJIAAAAAAAAAAAAAAAAAAAAA1oZXJvaW5fcGFwZXJzAAAQAAgAANS5GYQAAAARAAgAANb6YYAAAAABABgALllGACqckwArtqUADbs3AA27NgAGMGMAAgBwTWFjQm9va1BybyBIRDpVc2VyczoAcGhpbGxpcHM6AERvY3VtZW50czoAUmVzZWFyY2g6AEhlcm9pbl9tb2RlbDoAaGVyb2luX3BhcGVyczoAQ0RDMl9OU0RVSF9TdWJzdGFuY2UjNDVCRkI5LnBkZgAOAEYAIgBDAEQAQwAyAF8ATgBTAEQAVQBIAF8AUwB1AGIAcwB0AGEAbgBjAGUAVQBzAGUAUgBlAHMAdQBsAHQAcwAuAHAAZABmAA8AHAANAE0AYQBjAEIAbwBvAGsAUAByAG8AIABIAEQAEgBfVXNlcnMvcGhpbGxpcHMvRG9jdW1lbnRzL1Jlc2VhcmNoL0hlcm9pbl9tb2RlbC9oZXJvaW5fcGFwZXJzL0NEQzJfTlNEVUhfU3Vic3RhbmNlVXNlUmVzdWx0cy5wZGYAABMAAS8AABUAAgAP//8AAIAG0hscHR5aJGNsYXNzbmFtZVgkY2xhc3Nlc11OU011dGFibGVEYXRhox0fIFZOU0RhdGFYTlNPYmplY3TSGxwiI1xOU0RpY3Rpb25hcnmiIiBfEA9OU0tleWVkQXJjaGl2ZXLRJidUcm9vdIABAAgAEQAaACMALQAyADcAQABGAE0AVQBgAGcAagBsAG4AcQBzAHUAdwCEAI4AzgDTANsDDQMPAxQDHwMoAzYDOgNBA0oDTwNcA18DcQN0A3kAAAAAAAACAQAAAAAAAAAoAAAAAAAAAAAAAAAAAAADew==}}

@misc{CDC3,
	Author = {{Centers for Disease Control and Prevention}},
	Date-Added = {2018-08-02 21:32:59 +0000},
	Date-Modified = {2018-08-02 21:32:59 +0000},
	Howpublished = {Available at www.cdc.gov/drugoverdose/opioids/index.html (accessed 07/16/2018)},
	Month = {August},
	Title = {Opioid Overdose},
	Year = {2017},
	Bdsk-File-1 = {YnBsaXN0MDDUAQIDBAUGJCVYJHZlcnNpb25YJG9iamVjdHNZJGFyY2hpdmVyVCR0b3ASAAGGoKgHCBMUFRYaIVUkbnVsbNMJCgsMDxJXTlMua2V5c1pOUy5vYmplY3RzViRjbGFzc6INDoACgAOiEBGABIAFgAdccmVsYXRpdmVQYXRoWWFsaWFzRGF0YV8QMEhlcm9pbl9tb2RlbC9oZXJvaW5fcGFwZXJzL0NEQzNfT3Bpb2lkQmFzaWNzLnBkZtIXCxgZV05TLmRhdGFPEQH8AAAAAAH8AAIAAA1NYWNCb29rUHJvIEhEAAAAAAAAAAAAAAAAAADUuNM0SCsAAAAuWUYVQ0RDM19PcGlvaWRCYXNpY3MucGRmAAAAAAAAAAAAAAAAAAAAAAAAAAAAAAAAAAAAAAAAAAAAAAAAAAAAAAAAAEfXvNdyla8AAAAAAAAAAAABAAQAAAkgAAAAAAAAAAAAAAAAAAAADWhlcm9pbl9wYXBlcnMAABAACAAA1LkZhAAAABEACAAA13LN7wAAAAEAGAAuWUYAKpyTACu2pQANuzcADbs2AAYwYwACAGZNYWNCb29rUHJvIEhEOlVzZXJzOgBwaGlsbGlwczoARG9jdW1lbnRzOgBSZXNlYXJjaDoASGVyb2luX21vZGVsOgBoZXJvaW5fcGFwZXJzOgBDREMzX09waW9pZEJhc2ljcy5wZGYADgAsABUAQwBEAEMAMwBfAE8AcABpAG8AaQBkAEIAYQBzAGkAYwBzAC4AcABkAGYADwAcAA0ATQBhAGMAQgBvAG8AawBQAHIAbwAgAEgARAASAFJVc2Vycy9waGlsbGlwcy9Eb2N1bWVudHMvUmVzZWFyY2gvSGVyb2luX21vZGVsL2hlcm9pbl9wYXBlcnMvQ0RDM19PcGlvaWRCYXNpY3MucGRmABMAAS8AABUAAgAP//8AAIAG0hscHR5aJGNsYXNzbmFtZVgkY2xhc3Nlc11OU011dGFibGVEYXRhox0fIFZOU0RhdGFYTlNPYmplY3TSGxwiI1xOU0RpY3Rpb25hcnmiIiBfEA9OU0tleWVkQXJjaGl2ZXLRJidUcm9vdIABAAgAEQAaACMALQAyADcAQABGAE0AVQBgAGcAagBsAG4AcQBzAHUAdwCEAI4AwQDGAM4CzgLQAtUC4ALpAvcC+wMCAwsDEAMdAyADMgM1AzoAAAAAAAACAQAAAAAAAAAoAAAAAAAAAAAAAAAAAAADPA==}}

@misc{CDC4,
	Annote = {mu_A and mu_H parameter values for national level},
	Author = {{Centers for Disease Control and Prevention}},
	Date-Added = {2018-08-02 21:32:59 +0000},
	Date-Modified = {2018-08-02 21:32:59 +0000},
	Howpublished = {Available at https://www.cdc.gov/drugoverdose/data/analysis.html (accessed 05/01/2018)},
	Month = {February},
	Title = {Opioid Data Analysis},
	Url = {https://www.cdc.gov/drugoverdose/data/analysis.html},
	Urldate = {2018},
	Year = {2017},
	Bdsk-File-1 = {YnBsaXN0MDDUAQIDBAUGJCVYJHZlcnNpb25YJG9iamVjdHNZJGFyY2hpdmVyVCR0b3ASAAGGoKgHCBMUFRYaIVUkbnVsbNMJCgsMDxJXTlMua2V5c1pOUy5vYmplY3RzViRjbGFzc6INDoACgAOiEBGABIAFgAdccmVsYXRpdmVQYXRoWWFsaWFzRGF0YV8QPUhlcm9pbl9tb2RlbC9oZXJvaW5fcGFwZXJzL0NEQzRfT3ZlcmRvc2VfcGFyYW1ldGVyX3ZhbHVlcy5wZGbSFwsYGVdOUy5kYXRhTxECLgAAAAACLgACAAANTWFjQm9va1BybyBIRAAAAAAAAAAAAAAAAAAA1LjTNEgrAAAALllGH0NEQzRfT3ZlcmRvc2VfcGFyYW1lIzQyOUMxMi5wZGYAAAAAAAAAAAAAAAAAAAAAAAAAAAAAAAAAAAAAAAAAAABCnBLXDfKfAAAAAAAAAAAAAQAEAAAJIAAAAAAAAAAAAAAAAAAAAA1oZXJvaW5fcGFwZXJzAAAQAAgAANS5GYQAAAARAAgAANcOKt8AAAABABgALllGACqckwArtqUADbs3AA27NgAGMGMAAgBwTWFjQm9va1BybyBIRDpVc2VyczoAcGhpbGxpcHM6AERvY3VtZW50czoAUmVzZWFyY2g6AEhlcm9pbl9tb2RlbDoAaGVyb2luX3BhcGVyczoAQ0RDNF9PdmVyZG9zZV9wYXJhbWUjNDI5QzEyLnBkZgAOAEYAIgBDAEQAQwA0AF8ATwB2AGUAcgBkAG8AcwBlAF8AcABhAHIAYQBtAGUAdABlAHIAXwB2AGEAbAB1AGUAcwAuAHAAZABmAA8AHAANAE0AYQBjAEIAbwBvAGsAUAByAG8AIABIAEQAEgBfVXNlcnMvcGhpbGxpcHMvRG9jdW1lbnRzL1Jlc2VhcmNoL0hlcm9pbl9tb2RlbC9oZXJvaW5fcGFwZXJzL0NEQzRfT3ZlcmRvc2VfcGFyYW1ldGVyX3ZhbHVlcy5wZGYAABMAAS8AABUAAgAP//8AAIAG0hscHR5aJGNsYXNzbmFtZVgkY2xhc3Nlc11OU011dGFibGVEYXRhox0fIFZOU0RhdGFYTlNPYmplY3TSGxwiI1xOU0RpY3Rpb25hcnmiIiBfEA9OU0tleWVkQXJjaGl2ZXLRJidUcm9vdIABAAgAEQAaACMALQAyADcAQABGAE0AVQBgAGcAagBsAG4AcQBzAHUAdwCEAI4AzgDTANsDDQMPAxQDHwMoAzYDOgNBA0oDTwNcA18DcQN0A3kAAAAAAAACAQAAAAAAAAAoAAAAAAAAAAAAAAAAAAADew==}}

@misc{CDC5,
	Author = {{Centers for Disease Control and Prevention}},
	Date-Added = {2018-08-02 21:32:59 +0000},
	Date-Modified = {2018-08-02 21:32:59 +0000},
	Howpublished = {Available at https://www.cdc.gov/vitalsigns/PrescriptionPainkillerOverdoses/index.html (accessed 7/19/2018)},
	Month = {March},
	Title = {Prescription Painkiller Overdoses},
	Year = {2017},
	Bdsk-File-1 = {YnBsaXN0MDDUAQIDBAUGJCVYJHZlcnNpb25YJG9iamVjdHNZJGFyY2hpdmVyVCR0b3ASAAGGoKgHCBMUFRYaIVUkbnVsbNMJCgsMDxJXTlMua2V5c1pOUy5vYmplY3RzViRjbGFzc6INDoACgAOiEBGABIAFgAdccmVsYXRpdmVQYXRoWWFsaWFzRGF0YV8QL0hlcm9pbl9tb2RlbC9oZXJvaW5fcGFwZXJzL0NEQzVfTkFTX29waW9pZHMucGRm0hcLGBlXTlMuZGF0YU8RAfoAAAAAAfoAAgAADU1hY0Jvb2tQcm8gSEQAAAAAAAAAAAAAAAAAANS40zRIKwAAAC5ZRhRDREM1X05BU19vcGlvaWRzLnBkZgAAAAAAAAAAAAAAAAAAAAAAAAAAAAAAAAAAAAAAAAAAAAAAAAAAAAAAAAAASBjq13aTTgAAAAAAAAAAAAEABAAACSAAAAAAAAAAAAAAAAAAAAANaGVyb2luX3BhcGVycwAAEAAIAADUuRmEAAAAEQAIAADXdsuOAAAAAQAYAC5ZRgAqnJMAK7alAA27NwANuzYABjBjAAIAZU1hY0Jvb2tQcm8gSEQ6VXNlcnM6AHBoaWxsaXBzOgBEb2N1bWVudHM6AFJlc2VhcmNoOgBIZXJvaW5fbW9kZWw6AGhlcm9pbl9wYXBlcnM6AENEQzVfTkFTX29waW9pZHMucGRmAAAOACoAFABDAEQAQwA1AF8ATgBBAFMAXwBvAHAAaQBvAGkAZABzAC4AcABkAGYADwAcAA0ATQBhAGMAQgBvAG8AawBQAHIAbwAgAEgARAASAFFVc2Vycy9waGlsbGlwcy9Eb2N1bWVudHMvUmVzZWFyY2gvSGVyb2luX21vZGVsL2hlcm9pbl9wYXBlcnMvQ0RDNV9OQVNfb3Bpb2lkcy5wZGYAABMAAS8AABUAAgAP//8AAIAG0hscHR5aJGNsYXNzbmFtZVgkY2xhc3Nlc11OU011dGFibGVEYXRhox0fIFZOU0RhdGFYTlNPYmplY3TSGxwiI1xOU0RpY3Rpb25hcnmiIiBfEA9OU0tleWVkQXJjaGl2ZXLRJidUcm9vdIABAAgAEQAaACMALQAyADcAQABGAE0AVQBgAGcAagBsAG4AcQBzAHUAdwCEAI4AwADFAM0CywLNAtIC3QLmAvQC+AL/AwgDDQMaAx0DLwMyAzcAAAAAAAACAQAAAAAAAAAoAAAAAAAAAAAAAAAAAAADOQ==}}

@article{Cicero,
	Author = {Theodore J. Cicero and Matthew S. Ellis and Hilary L. Surratt and Steven P. Kurtz},
	Date-Added = {2018-08-02 21:32:59 +0000},
	Date-Modified = {2018-08-02 21:32:59 +0000},
	Journal = {JAMA Psychiatry},
	Number = {7},
	Pages = {821-826},
	Title = {The Changing Face of Heroin Use in the {U}nited {S}tates: A Retrospective Analysis of the Past 50 Years},
	Volume = {71},
	Year = {2014},
	Bdsk-File-1 = {YnBsaXN0MDDUAQIDBAUGJCVYJHZlcnNpb25YJG9iamVjdHNZJGFyY2hpdmVyVCR0b3ASAAGGoKgHCBMUFRYaIVUkbnVsbNMJCgsMDxJXTlMua2V5c1pOUy5vYmplY3RzViRjbGFzc6INDoACgAOiEBGABIAFgAdccmVsYXRpdmVQYXRoWWFsaWFzRGF0YV8QK0hlcm9pbl9tb2RlbC9oZXJvaW5fcGFwZXJzL0NpY2Vyb18xOTYwcy5wZGbSFwsYGVdOUy5kYXRhTxEB6gAAAAAB6gACAAANTWFjQm9va1BybyBIRAAAAAAAAAAAAAAAAAAA1LjTNEgrAAAALllGEENpY2Vyb18xOTYwcy5wZGYAAAAAAAAAAAAAAAAAAAAAAAAAAAAAAAAAAAAAAAAAAAAAAAAAAAAAAAAAAAAAAABIIu7XdrvLAAAAAAAAAAAAAQAEAAAJIAAAAAAAAAAAAAAAAAAAAA1oZXJvaW5fcGFwZXJzAAAQAAgAANS5GYQAAAARAAgAANd29AsAAAABABgALllGACqckwArtqUADbs3AA27NgAGMGMAAgBhTWFjQm9va1BybyBIRDpVc2VyczoAcGhpbGxpcHM6AERvY3VtZW50czoAUmVzZWFyY2g6AEhlcm9pbl9tb2RlbDoAaGVyb2luX3BhcGVyczoAQ2ljZXJvXzE5NjBzLnBkZgAADgAiABAAQwBpAGMAZQByAG8AXwAxADkANgAwAHMALgBwAGQAZgAPABwADQBNAGEAYwBCAG8AbwBrAFAAcgBvACAASABEABIATVVzZXJzL3BoaWxsaXBzL0RvY3VtZW50cy9SZXNlYXJjaC9IZXJvaW5fbW9kZWwvaGVyb2luX3BhcGVycy9DaWNlcm9fMTk2MHMucGRmAAATAAEvAAAVAAIAD///AACABtIbHB0eWiRjbGFzc25hbWVYJGNsYXNzZXNdTlNNdXRhYmxlRGF0YaMdHyBWTlNEYXRhWE5TT2JqZWN00hscIiNcTlNEaWN0aW9uYXJ5oiIgXxAPTlNLZXllZEFyY2hpdmVy0SYnVHJvb3SAAQAIABEAGgAjAC0AMgA3AEAARgBNAFUAYABnAGoAbABuAHEAcwB1AHcAhACOALwAwQDJArcCuQK+AskC0gLgAuQC6wL0AvkDBgMJAxsDHgMjAAAAAAAAAgEAAAAAAAAAKAAAAAAAAAAAAAAAAAAAAyU=}}

@article{Cicero2,
	Author = {Theodore J. Cicero and and Matthew S. Ellis and Hilary L. Surratt},
	Date-Added = {2018-08-02 21:32:59 +0000},
	Date-Modified = {2018-08-02 21:32:59 +0000},
	Doi = {10.1056/NEJMc1204141},
	Eprint = {https://doi.org/10.1056/NEJMc1204141},
	Journal = {New England Journal of Medicine},
	Note = {PMID: 22784140},
	Number = {2},
	Pages = {187-189},
	Title = {Effect of Abuse-Deterrent Formulation of OxyContin},
	Url = {https://doi.org/10.1056/NEJMc1204141},
	Volume = {367},
	Year = {2012},
	Bdsk-File-1 = {YnBsaXN0MDDUAQIDBAUGJCVYJHZlcnNpb25YJG9iamVjdHNZJGFyY2hpdmVyVCR0b3ASAAGGoKgHCBMUFRYaIVUkbnVsbNMJCgsMDxJXTlMua2V5c1pOUy5vYmplY3RzViRjbGFzc6INDoACgAOiEBGABIAFgAdccmVsYXRpdmVQYXRoWWFsaWFzRGF0YV8QMUhlcm9pbl9tb2RlbC9oZXJvaW5fcGFwZXJzL0NpY2VybzJfQUJGZWZmZWN0cy5wZGbSFwsYGVdOUy5kYXRhTxECAgAAAAACAgACAAANTWFjQm9va1BybyBIRAAAAAAAAAAAAAAAAAAA1LjTNEgrAAAALllGFkNpY2VybzJfQUJGZWZmZWN0cy5wZGYAAAAAAAAAAAAAAAAAAAAAAAAAAAAAAAAAAAAAAAAAAAAAAAAAAAAAAABIUrjXenqYAAAAAAAAAAAAAQAEAAAJIAAAAAAAAAAAAAAAAAAAAA1oZXJvaW5fcGFwZXJzAAAQAAgAANS5GYQAAAARAAgAANd6stgAAAABABgALllGACqckwArtqUADbs3AA27NgAGMGMAAgBnTWFjQm9va1BybyBIRDpVc2VyczoAcGhpbGxpcHM6AERvY3VtZW50czoAUmVzZWFyY2g6AEhlcm9pbl9tb2RlbDoAaGVyb2luX3BhcGVyczoAQ2ljZXJvMl9BQkZlZmZlY3RzLnBkZgAADgAuABYAQwBpAGMAZQByAG8AMgBfAEEAQgBGAGUAZgBmAGUAYwB0AHMALgBwAGQAZgAPABwADQBNAGEAYwBCAG8AbwBrAFAAcgBvACAASABEABIAU1VzZXJzL3BoaWxsaXBzL0RvY3VtZW50cy9SZXNlYXJjaC9IZXJvaW5fbW9kZWwvaGVyb2luX3BhcGVycy9DaWNlcm8yX0FCRmVmZmVjdHMucGRmAAATAAEvAAAVAAIAD///AACABtIbHB0eWiRjbGFzc25hbWVYJGNsYXNzZXNdTlNNdXRhYmxlRGF0YaMdHyBWTlNEYXRhWE5TT2JqZWN00hscIiNcTlNEaWN0aW9uYXJ5oiIgXxAPTlNLZXllZEFyY2hpdmVy0SYnVHJvb3SAAQAIABEAGgAjAC0AMgA3AEAARgBNAFUAYABnAGoAbABuAHEAcwB1AHcAhACOAMIAxwDPAtUC1wLcAucC8AL+AwIDCQMSAxcDJAMnAzkDPANBAAAAAAAAAgEAAAAAAAAAKAAAAAAAAAAAAAAAAAAAA0M=}}

@article{Cicero3,
	Author = {Theodore J. Cicero and Matthew S. Ellis},
	Date-Added = {2018-08-02 21:32:59 +0000},
	Date-Modified = {2018-08-02 21:32:59 +0000},
	Doi = {10.1001/jamapsychiatry.2014.3043},
	Eprint = {/data/journals/psych/933935/yoi140121.pdf},
	Journal = {JAMA Psychiatry},
	Number = {5},
	Pages = {424-430},
	Title = {Abuse-deterrent formulations and the prescription opioid abuse epidemic in the {U}nited {S}tates: Lessons learned from oxycontin},
	Url = {+ http://dx.doi.org/10.1001/jamapsychiatry.2014.3043},
	Volume = {72},
	Year = {2015},
	Bdsk-File-1 = {YnBsaXN0MDDUAQIDBAUGJCVYJHZlcnNpb25YJG9iamVjdHNZJGFyY2hpdmVyVCR0b3ASAAGGoKgHCBMUFRYaIVUkbnVsbNMJCgsMDxJXTlMua2V5c1pOUy5vYmplY3RzViRjbGFzc6INDoACgAOiEBGABIAFgAdccmVsYXRpdmVQYXRoWWFsaWFzRGF0YV8QLUhlcm9pbl9tb2RlbC9oZXJvaW5fcGFwZXJzL0NpY2VybzNfQUJGT3h5LnBkZtIXCxgZV05TLmRhdGFPEQHyAAAAAAHyAAIAAA1NYWNCb29rUHJvIEhEAAAAAAAAAAAAAAAAAADUuNM0SCsAAAAuWUYSQ2ljZXJvM19BQkZPeHkucGRmAAAAAAAAAAAAAAAAAAAAAAAAAAAAAAAAAAAAAAAAAAAAAAAAAAAAAAAAAAAAAEhSodd6engAAAAAAAAAAAABAAQAAAkgAAAAAAAAAAAAAAAAAAAADWhlcm9pbl9wYXBlcnMAABAACAAA1LkZhAAAABEACAAA13qyuAAAAAEAGAAuWUYAKpyTACu2pQANuzcADbs2AAYwYwACAGNNYWNCb29rUHJvIEhEOlVzZXJzOgBwaGlsbGlwczoARG9jdW1lbnRzOgBSZXNlYXJjaDoASGVyb2luX21vZGVsOgBoZXJvaW5fcGFwZXJzOgBDaWNlcm8zX0FCRk94eS5wZGYAAA4AJgASAEMAaQBjAGUAcgBvADMAXwBBAEIARgBPAHgAeQAuAHAAZABmAA8AHAANAE0AYQBjAEIAbwBvAGsAUAByAG8AIABIAEQAEgBPVXNlcnMvcGhpbGxpcHMvRG9jdW1lbnRzL1Jlc2VhcmNoL0hlcm9pbl9tb2RlbC9oZXJvaW5fcGFwZXJzL0NpY2VybzNfQUJGT3h5LnBkZgAAEwABLwAAFQACAA///wAAgAbSGxwdHlokY2xhc3NuYW1lWCRjbGFzc2VzXU5TTXV0YWJsZURhdGGjHR8gVk5TRGF0YVhOU09iamVjdNIbHCIjXE5TRGljdGlvbmFyeaIiIF8QD05TS2V5ZWRBcmNoaXZlctEmJ1Ryb290gAEACAARABoAIwAtADIANwBAAEYATQBVAGAAZwBqAGwAbgBxAHMAdQB3AIQAjgC+AMMAywLBAsMCyALTAtwC6gLuAvUC/gMDAxADEwMlAygDLQAAAAAAAAIBAAAAAAAAACgAAAAAAAAAAAAAAAAAAAMv}}

@misc{DEA1,
	Author = {{United States Drug Enforcement Administration}},
	Date-Added = {2018-08-02 21:32:59 +0000},
	Date-Modified = {2018-08-02 21:32:59 +0000},
	Howpublished = {Available at https://www.dea.gov/druginfo/ds.shtml (accessed 07/17/2018)},
	Title = {Drug Scheduling}}

@inbook{Driessche,
	Address = {Berlin, Heidelberg},
	Annote = {Enabled calculation of R0.},
	Author = {Pauline van den Driessche and James Watmough},
	Chapter = {6: Further Notes on the Basic Reproduction Number},
	Date-Added = {2018-08-02 21:32:59 +0000},
	Date-Modified = {2018-08-02 21:32:59 +0000},
	Pages = {159-178},
	Publisher = {Springer},
	Title = {Mathematical Epidemiology},
	Year = {2008},
	Bdsk-File-1 = {YnBsaXN0MDDUAQIDBAUGJCVYJHZlcnNpb25YJG9iamVjdHNZJGFyY2hpdmVyVCR0b3ASAAGGoKgHCBMUFRYaIVUkbnVsbNMJCgsMDxJXTlMua2V5c1pOUy5vYmplY3RzViRjbGFzc6INDoACgAOiEBGABIAFgAdccmVsYXRpdmVQYXRoWWFsaWFzRGF0YV8QNEhlcm9pbl9tb2RlbC9oZXJvaW5fcGFwZXJzL0RyaWVzc2NoZV9DYWxjdWxhdGVSMC5wZGbSFwsYGVdOUy5kYXRhTxECDAAAAAACDAACAAANTWFjQm9va1BybyBIRAAAAAAAAAAAAAAAAAAA1LjTNEgrAAAALllGGURyaWVzc2NoZV9DYWxjdWxhdGVSMC5wZGYAAAAAAAAAAAAAAAAAAAAAAAAAAAAAAAAAAAAAAAAAAAAAAAAAAAAyBxLWeQnbAAAAAAAAAAAAAQAEAAAJIAAAAAAAAAAAAAAAAAAAAA1oZXJvaW5fcGFwZXJzAAAQAAgAANS5GYQAAAARAAgAANZ5UCsAAAABABgALllGACqckwArtqUADbs3AA27NgAGMGMAAgBqTWFjQm9va1BybyBIRDpVc2VyczoAcGhpbGxpcHM6AERvY3VtZW50czoAUmVzZWFyY2g6AEhlcm9pbl9tb2RlbDoAaGVyb2luX3BhcGVyczoARHJpZXNzY2hlX0NhbGN1bGF0ZVIwLnBkZgAOADQAGQBEAHIAaQBlAHMAcwBjAGgAZQBfAEMAYQBsAGMAdQBsAGEAdABlAFIAMAAuAHAAZABmAA8AHAANAE0AYQBjAEIAbwBvAGsAUAByAG8AIABIAEQAEgBWVXNlcnMvcGhpbGxpcHMvRG9jdW1lbnRzL1Jlc2VhcmNoL0hlcm9pbl9tb2RlbC9oZXJvaW5fcGFwZXJzL0RyaWVzc2NoZV9DYWxjdWxhdGVSMC5wZGYAEwABLwAAFQACAA///wAAgAbSGxwdHlokY2xhc3NuYW1lWCRjbGFzc2VzXU5TTXV0YWJsZURhdGGjHR8gVk5TRGF0YVhOU09iamVjdNIbHCIjXE5TRGljdGlvbmFyeaIiIF8QD05TS2V5ZWRBcmNoaXZlctEmJ1Ryb290gAEACAARABoAIwAtADIANwBAAEYATQBVAGAAZwBqAGwAbgBxAHMAdQB3AIQAjgDFAMoA0gLiAuQC6QL0Av0DCwMPAxYDHwMkAzEDNANGA0kDTgAAAAAAAAIBAAAAAAAAACgAAAAAAAAAAAAAAAAAAANQ}}

@article{Fang1,
	Author = {Bin Fang and Xue-Zhi Li and Maia Martcheva and Li-Ming Cai},
	Date-Added = {2018-08-02 21:32:59 +0000},
	Date-Modified = {2018-08-02 21:32:59 +0000},
	Journal = {Applied Mathematics and Computation},
	Pages = {315-331},
	Title = {Global asymptotic properties of a heroin epidemic model with treat-age},
	Volume = {263},
	Year = {2015},
	Bdsk-File-1 = {YnBsaXN0MDDUAQIDBAUGJCVYJHZlcnNpb25YJG9iamVjdHNZJGFyY2hpdmVyVCR0b3ASAAGGoKgHCBMUFRYaIVUkbnVsbNMJCgsMDxJXTlMua2V5c1pOUy5vYmplY3RzViRjbGFzc6INDoACgAOiEBGABIAFgAdccmVsYXRpdmVQYXRoWWFsaWFzRGF0YV8QOEhlcm9pbl9tb2RlbC9oZXJvaW5fcGFwZXJzL0ZhbmcxX1RyZWF0bWVudF9MZW5ndGhwZGYucGRm0hcLGBlXTlMuZGF0YU8RAhwAAAAAAhwAAgAADU1hY0Jvb2tQcm8gSEQAAAAAAAAAAAAAAAAAANS40zRIKwAAAC5ZRh1GYW5nMV9UcmVhdG1lbnRfTGVuZ3RocGRmLnBkZgAAAAAAAAAAAAAAAAAAAAAAAAAAAAAAAAAAAAAAAAAAAAAAR+nD13PBOwAAAAAAAAAAAAEABAAACSAAAAAAAAAAAAAAAAAAAAANaGVyb2luX3BhcGVycwAAEAAIAADUuRmEAAAAEQAIAADXc/l7AAAAAQAYAC5ZRgAqnJMAK7alAA27NwANuzYABjBjAAIAbk1hY0Jvb2tQcm8gSEQ6VXNlcnM6AHBoaWxsaXBzOgBEb2N1bWVudHM6AFJlc2VhcmNoOgBIZXJvaW5fbW9kZWw6AGhlcm9pbl9wYXBlcnM6AEZhbmcxX1RyZWF0bWVudF9MZW5ndGhwZGYucGRmAA4APAAdAEYAYQBuAGcAMQBfAFQAcgBlAGEAdABtAGUAbgB0AF8ATABlAG4AZwB0AGgAcABkAGYALgBwAGQAZgAPABwADQBNAGEAYwBCAG8AbwBrAFAAcgBvACAASABEABIAWlVzZXJzL3BoaWxsaXBzL0RvY3VtZW50cy9SZXNlYXJjaC9IZXJvaW5fbW9kZWwvaGVyb2luX3BhcGVycy9GYW5nMV9UcmVhdG1lbnRfTGVuZ3RocGRmLnBkZgATAAEvAAAVAAIAD///AACABtIbHB0eWiRjbGFzc25hbWVYJGNsYXNzZXNdTlNNdXRhYmxlRGF0YaMdHyBWTlNEYXRhWE5TT2JqZWN00hscIiNcTlNEaWN0aW9uYXJ5oiIgXxAPTlNLZXllZEFyY2hpdmVy0SYnVHJvb3SAAQAIABEAGgAjAC0AMgA3AEAARgBNAFUAYABnAGoAbABuAHEAcwB1AHcAhACOAMkAzgDWAvYC+AL9AwgDEQMfAyMDKgMzAzgDRQNIA1oDXQNiAAAAAAAAAgEAAAAAAAAAKAAAAAAAAAAAAAAAAAAAA2Q=}}

@article{Fang2,
	Author = {Bin Fang and Xue-Zhi Li and Maia Martcheva and Li-Ming Cai},
	Date-Added = {2018-08-02 21:32:59 +0000},
	Date-Modified = {2018-08-02 21:32:59 +0000},
	Journal = {Journal of Systems Science and Complexity},
	Number = {6},
	Pages = {1243--1257},
	Title = {Global Stability for a Heroin Model with Age-Dependent Susceptibility},
	Volume = {28},
	Year = {2015},
	Bdsk-File-1 = {YnBsaXN0MDDUAQIDBAUGJCVYJHZlcnNpb25YJG9iamVjdHNZJGFyY2hpdmVyVCR0b3ASAAGGoKgHCBMUFRYaIVUkbnVsbNMJCgsMDxJXTlMua2V5c1pOUy5vYmplY3RzViRjbGFzc6INDoACgAOiEBGABIAFgAdccmVsYXRpdmVQYXRoWWFsaWFzRGF0YV8QN0hlcm9pbl9tb2RlbC9oZXJvaW5fcGFwZXJzL0ZhbmcyX0FnZV9TdXNjZXB0aWJpbGl0eS5wZGbSFwsYGVdOUy5kYXRhTxECGgAAAAACGgACAAANTWFjQm9va1BybyBIRAAAAAAAAAAAAAAAAAAA1LjTNEgrAAAALllGHEZhbmcyX0FnZV9TdXNjZXB0aWJpbGl0eS5wZGYAAAAAAAAAAAAAAAAAAAAAAAAAAAAAAAAAAAAAAAAAAAAAAABH62LXc8i2AAAAAAAAAAAAAQAEAAAJIAAAAAAAAAAAAAAAAAAAAA1oZXJvaW5fcGFwZXJzAAAQAAgAANS5GYQAAAARAAgAANd0APYAAAABABgALllGACqckwArtqUADbs3AA27NgAGMGMAAgBtTWFjQm9va1BybyBIRDpVc2VyczoAcGhpbGxpcHM6AERvY3VtZW50czoAUmVzZWFyY2g6AEhlcm9pbl9tb2RlbDoAaGVyb2luX3BhcGVyczoARmFuZzJfQWdlX1N1c2NlcHRpYmlsaXR5LnBkZgAADgA6ABwARgBhAG4AZwAyAF8AQQBnAGUAXwBTAHUAcwBjAGUAcAB0AGkAYgBpAGwAaQB0AHkALgBwAGQAZgAPABwADQBNAGEAYwBCAG8AbwBrAFAAcgBvACAASABEABIAWVVzZXJzL3BoaWxsaXBzL0RvY3VtZW50cy9SZXNlYXJjaC9IZXJvaW5fbW9kZWwvaGVyb2luX3BhcGVycy9GYW5nMl9BZ2VfU3VzY2VwdGliaWxpdHkucGRmAAATAAEvAAAVAAIAD///AACABtIbHB0eWiRjbGFzc25hbWVYJGNsYXNzZXNdTlNNdXRhYmxlRGF0YaMdHyBWTlNEYXRhWE5TT2JqZWN00hscIiNcTlNEaWN0aW9uYXJ5oiIgXxAPTlNLZXllZEFyY2hpdmVy0SYnVHJvb3SAAQAIABEAGgAjAC0AMgA3AEAARgBNAFUAYABnAGoAbABuAHEAcwB1AHcAhACOAMgAzQDVAvMC9QL6AwUDDgMcAyADJwMwAzUDQgNFA1cDWgNfAAAAAAAAAgEAAAAAAAAAKAAAAAAAAAAAAAAAAAAAA2E=}}

@misc{FDA1,
	Annote = {Timeline of events/ which drugs approved by FDA },
	Author = {{U.S. Food and Drug Administration}},
	Date-Added = {2018-08-02 21:32:59 +0000},
	Date-Modified = {2018-08-02 21:32:59 +0000},
	Howpublished = {Availabe at https://www.fda.gov/downloads/Drugs/DrugSafety/InformationbyDrugClass/UCM566985.pdf (accessed 06/13/2018)},
	Title = {Timeline of Selected {FDA} Activities and Significant Events Addressing Opioid Misuse and Abuse},
	Url = {FILL IN},
	Year = {2018},
	Bdsk-File-1 = {YnBsaXN0MDDUAQIDBAUGJCVYJHZlcnNpb25YJG9iamVjdHNZJGFyY2hpdmVyVCR0b3ASAAGGoKgHCBMUFRYaIVUkbnVsbNMJCgsMDxJXTlMua2V5c1pOUy5vYmplY3RzViRjbGFzc6INDoACgAOiEBGABIAFgAdccmVsYXRpdmVQYXRoWWFsaWFzRGF0YV8QM0hlcm9pbl9tb2RlbC9oZXJvaW5fcGFwZXJzL0ZEQTFfT3Bpb2lkX1RpbWVsaW5lLnBkZtIXCxgZV05TLmRhdGFPEQIKAAAAAAIKAAIAAA1NYWNCb29rUHJvIEhEAAAAAAAAAAAAAAAAAADUuNM0SCsAAAAuWUYYRkRBMV9PcGlvaWRfVGltZWxpbmUucGRmAAAAAAAAAAAAAAAAAAAAAAAAAAAAAAAAAAAAAAAAAAAAAAAAAAAAAEfYfddG3okAAAAAAAAAAAABAAQAAAkgAAAAAAAAAAAAAAAAAAAADWhlcm9pbl9wYXBlcnMAABAACAAA1LkZhAAAABEACAAA10cWyQAAAAEAGAAuWUYAKpyTACu2pQANuzcADbs2AAYwYwACAGlNYWNCb29rUHJvIEhEOlVzZXJzOgBwaGlsbGlwczoARG9jdW1lbnRzOgBSZXNlYXJjaDoASGVyb2luX21vZGVsOgBoZXJvaW5fcGFwZXJzOgBGREExX09waW9pZF9UaW1lbGluZS5wZGYAAA4AMgAYAEYARABBADEAXwBPAHAAaQBvAGkAZABfAFQAaQBtAGUAbABpAG4AZQAuAHAAZABmAA8AHAANAE0AYQBjAEIAbwBvAGsAUAByAG8AIABIAEQAEgBVVXNlcnMvcGhpbGxpcHMvRG9jdW1lbnRzL1Jlc2VhcmNoL0hlcm9pbl9tb2RlbC9oZXJvaW5fcGFwZXJzL0ZEQTFfT3Bpb2lkX1RpbWVsaW5lLnBkZgAAEwABLwAAFQACAA///wAAgAbSGxwdHlokY2xhc3NuYW1lWCRjbGFzc2VzXU5TTXV0YWJsZURhdGGjHR8gVk5TRGF0YVhOU09iamVjdNIbHCIjXE5TRGljdGlvbmFyeaIiIF8QD05TS2V5ZWRBcmNoaXZlctEmJ1Ryb290gAEACAARABoAIwAtADIANwBAAEYATQBVAGAAZwBqAGwAbgBxAHMAdQB3AIQAjgDEAMkA0QLfAuEC5gLxAvoDCAMMAxMDHAMhAy4DMQNDA0YDSwAAAAAAAAIBAAAAAAAAACgAAAAAAAAAAAAAAAAAAANN}}

@article{Florence,
	Author = {Curtis S. Florence and Chao Zhou and Feijun Luo and Likang Xu},
	Date-Added = {2018-08-02 21:32:59 +0000},
	Date-Modified = {2018-08-02 21:32:59 +0000},
	Journal = {Medical Care},
	Number = {10},
	Pages = {901-906},
	Title = {The Economic Burden of Prescription Opioid Overdose, Abuse and Dependence in the {U}nited {S}tates, 2013},
	Volume = {54},
	Year = {2016},
	Bdsk-File-1 = {YnBsaXN0MDDUAQIDBAUGJCVYJHZlcnNpb25YJG9iamVjdHNZJGFyY2hpdmVyVCR0b3ASAAGGoKgHCBMUFRYaIVUkbnVsbNMJCgsMDxJXTlMua2V5c1pOUy5vYmplY3RzViRjbGFzc6INDoACgAOiEBGABIAFgAdccmVsYXRpdmVQYXRoWWFsaWFzRGF0YV8QMEhlcm9pbl9tb2RlbC9oZXJvaW5fcGFwZXJzL0Zsb3JlbmNlX2Vjb25vbWljLnBkZtIXCxgZV05TLmRhdGFPEQH8AAAAAAH8AAIAAA1NYWNCb29rUHJvIEhEAAAAAAAAAAAAAAAAAADUuNM0SCsAAAAuWUYVRmxvcmVuY2VfZWNvbm9taWMucGRmAAAAAAAAAAAAAAAAAAAAAAAAAAAAAAAAAAAAAAAAAAAAAAAAAAAAAAAAAEgf89d2rc4AAAAAAAAAAAABAAQAAAkgAAAAAAAAAAAAAAAAAAAADWhlcm9pbl9wYXBlcnMAABAACAAA1LkZhAAAABEACAAA13bmDgAAAAEAGAAuWUYAKpyTACu2pQANuzcADbs2AAYwYwACAGZNYWNCb29rUHJvIEhEOlVzZXJzOgBwaGlsbGlwczoARG9jdW1lbnRzOgBSZXNlYXJjaDoASGVyb2luX21vZGVsOgBoZXJvaW5fcGFwZXJzOgBGbG9yZW5jZV9lY29ub21pYy5wZGYADgAsABUARgBsAG8AcgBlAG4AYwBlAF8AZQBjAG8AbgBvAG0AaQBjAC4AcABkAGYADwAcAA0ATQBhAGMAQgBvAG8AawBQAHIAbwAgAEgARAASAFJVc2Vycy9waGlsbGlwcy9Eb2N1bWVudHMvUmVzZWFyY2gvSGVyb2luX21vZGVsL2hlcm9pbl9wYXBlcnMvRmxvcmVuY2VfZWNvbm9taWMucGRmABMAAS8AABUAAgAP//8AAIAG0hscHR5aJGNsYXNzbmFtZVgkY2xhc3Nlc11OU011dGFibGVEYXRhox0fIFZOU0RhdGFYTlNPYmplY3TSGxwiI1xOU0RpY3Rpb25hcnmiIiBfEA9OU0tleWVkQXJjaGl2ZXLRJidUcm9vdIABAAgAEQAaACMALQAyADcAQABGAE0AVQBgAGcAagBsAG4AcQBzAHUAdwCEAI4AwQDGAM4CzgLQAtUC4ALpAvcC+wMCAwsDEAMdAyADMgM1AzoAAAAAAAACAQAAAAAAAAAoAAAAAAAAAAAAAAAAAAADPA==}}

@misc{Herman,
	Annote = {Sensitivity analysis (SALib, Sobol sensitivity analysis, saltelli sampling) info },
	Author = {Jon Herman and Will Usher},
	Date-Added = {2018-08-02 21:32:59 +0000},
	Date-Modified = {2018-08-02 21:32:59 +0000},
	Howpublished = {Available at https://salib.readthedocs.io/en/latest/ (accessed 05/01/2018)},
	Title = {SALib-Sensitivity Analysis Library in Python},
	Year = {2017},
	Bdsk-File-1 = {YnBsaXN0MDDUAQIDBAUGJCVYJHZlcnNpb25YJG9iamVjdHNZJGFyY2hpdmVyVCR0b3ASAAGGoKgHCBMUFRYaIVUkbnVsbNMJCgsMDxJXTlMua2V5c1pOUy5vYmplY3RzViRjbGFzc6INDoACgAOiEBGABIAFgAdccmVsYXRpdmVQYXRoWWFsaWFzRGF0YV8QQUhlcm9pbl9tb2RlbC9oZXJvaW5fcGFwZXJzL0hlcm1hbl9TZW5zaXRpdml0eV9hbmFseXNpc19iYXNpY3MucGRm0hcLGBlXTlMuZGF0YU8RAjoAAAAAAjoAAgAADU1hY0Jvb2tQcm8gSEQAAAAAAAAAAAAAAAAAANS40zRIKwAAAC5ZRh9IZXJtYW5fU2Vuc2l0aXZpdHlfYSM0Mjk2NkMucGRmAAAAAAAAAAAAAAAAAAAAAAAAAAAAAAAAAAAAAAAAAAAAQpZs1w3wFQAAAAAAAAAAAAEABAAACSAAAAAAAAAAAAAAAAAAAAANaGVyb2luX3BhcGVycwAAEAAIAADUuRmEAAAAEQAIAADXDihVAAAAAQAYAC5ZRgAqnJMAK7alAA27NwANuzYABjBjAAIAcE1hY0Jvb2tQcm8gSEQ6VXNlcnM6AHBoaWxsaXBzOgBEb2N1bWVudHM6AFJlc2VhcmNoOgBIZXJvaW5fbW9kZWw6AGhlcm9pbl9wYXBlcnM6AEhlcm1hbl9TZW5zaXRpdml0eV9hIzQyOTY2Qy5wZGYADgBOACYASABlAHIAbQBhAG4AXwBTAGUAbgBzAGkAdABpAHYAaQB0AHkAXwBhAG4AYQBsAHkAcwBpAHMAXwBiAGEAcwBpAGMAcwAuAHAAZABmAA8AHAANAE0AYQBjAEIAbwBvAGsAUAByAG8AIABIAEQAEgBjVXNlcnMvcGhpbGxpcHMvRG9jdW1lbnRzL1Jlc2VhcmNoL0hlcm9pbl9tb2RlbC9oZXJvaW5fcGFwZXJzL0hlcm1hbl9TZW5zaXRpdml0eV9hbmFseXNpc19iYXNpY3MucGRmAAATAAEvAAAVAAIAD///AACABtIbHB0eWiRjbGFzc25hbWVYJGNsYXNzZXNdTlNNdXRhYmxlRGF0YaMdHyBWTlNEYXRhWE5TT2JqZWN00hscIiNcTlNEaWN0aW9uYXJ5oiIgXxAPTlNLZXllZEFyY2hpdmVy0SYnVHJvb3SAAQAIABEAGgAjAC0AMgA3AEAARgBNAFUAYABnAGoAbABuAHEAcwB1AHcAhACOANIA1wDfAx0DHwMkAy8DOANGA0oDUQNaA18DbANvA4EDhAOJAAAAAAAAAgEAAAAAAAAAKAAAAAAAAAAAAAAAAAAAA4s=}}

@misc{HHS1,
	Annote = {Opioid crisis declared Public Health Emergency 
},
	Author = {{U.S. Department of Health and Human Services}},
	Date-Added = {2018-08-02 21:32:59 +0000},
	Date-Modified = {2018-08-02 21:32:59 +0000},
	Howpublished = {Available at https://www.hhs.gov/about/news/2017/10/26/hhs-acting-secretary-declares-public-health-emergency-address-national-opioid-crisis.html (accessed 04/16/2018)},
	Month = {October},
	Title = {{HHS} Acting Secretary Declares Public Health Emergency to Address National Opioid Crisis},
	Year = {2017},
	Bdsk-File-1 = {YnBsaXN0MDDUAQIDBAUGJCVYJHZlcnNpb25YJG9iamVjdHNZJGFyY2hpdmVyVCR0b3ASAAGGoKgHCBMUFRYaIVUkbnVsbNMJCgsMDxJXTlMua2V5c1pOUy5vYmplY3RzViRjbGFzc6INDoACgAOiEBGABIAFgAdccmVsYXRpdmVQYXRoWWFsaWFzRGF0YV8QSUhlcm9pbl9tb2RlbC9oZXJvaW5fcGFwZXJzL0hIUzFfT3Bpb2lkX0NyaXNpc19QdWJsaWNfSGVhbHRoX0VtZXJnZW5jeS5wZGbSFwsYGVdOUy5kYXRhTxECUgAAAAACUgACAAANTWFjQm9va1BybyBIRAAAAAAAAAAAAAAAAAAA1LjTNEgrAAAALllGH0hIUzFfT3Bpb2lkX0NyaXNpc19QIzQxM0NCRS5wZGYAAAAAAAAAAAAAAAAAAAAAAAAAAAAAAAAAAAAAAAAAAABBPL7W+pN2AAAAAAAAAAAAAQAEAAAJIAAAAAAAAAAAAAAAAAAAAA1oZXJvaW5fcGFwZXJzAAAQAAgAANS5GYQAAAARAAgAANb6y7YAAAABABgALllGACqckwArtqUADbs3AA27NgAGMGMAAgBwTWFjQm9va1BybyBIRDpVc2VyczoAcGhpbGxpcHM6AERvY3VtZW50czoAUmVzZWFyY2g6AEhlcm9pbl9tb2RlbDoAaGVyb2luX3BhcGVyczoASEhTMV9PcGlvaWRfQ3Jpc2lzX1AjNDEzQ0JFLnBkZgAOAF4ALgBIAEgAUwAxAF8ATwBwAGkAbwBpAGQAXwBDAHIAaQBzAGkAcwBfAFAAdQBiAGwAaQBjAF8ASABlAGEAbAB0AGgAXwBFAG0AZQByAGcAZQBuAGMAeQAuAHAAZABmAA8AHAANAE0AYQBjAEIAbwBvAGsAUAByAG8AIABIAEQAEgBrVXNlcnMvcGhpbGxpcHMvRG9jdW1lbnRzL1Jlc2VhcmNoL0hlcm9pbl9tb2RlbC9oZXJvaW5fcGFwZXJzL0hIUzFfT3Bpb2lkX0NyaXNpc19QdWJsaWNfSGVhbHRoX0VtZXJnZW5jeS5wZGYAABMAAS8AABUAAgAP//8AAIAG0hscHR5aJGNsYXNzbmFtZVgkY2xhc3Nlc11OU011dGFibGVEYXRhox0fIFZOU0RhdGFYTlNPYmplY3TSGxwiI1xOU0RpY3Rpb25hcnmiIiBfEA9OU0tleWVkQXJjaGl2ZXLRJidUcm9vdIABAAgAEQAaACMALQAyADcAQABGAE0AVQBgAGcAagBsAG4AcQBzAHUAdwCEAI4A2gDfAOcDPQM/A0QDTwNYA2YDagNxA3oDfwOMA48DoQOkA6kAAAAAAAACAQAAAAAAAAAoAAAAAAAAAAAAAAAAAAADqw==}}

@article{Ihongbe,
	Author = {Timothy O. Ihongbe and Saba W. Masho},
	Date-Added = {2018-08-02 21:32:59 +0000},
	Date-Modified = {2018-08-02 21:32:59 +0000},
	Journal = {Addictive Behaviors},
	Pages = {74-81},
	Title = {Prevalence, correlates and patterns of heroin use among young adults in the {U}nited {S}tates},
	Volume = {63},
	Year = {2016},
	Bdsk-File-1 = {YnBsaXN0MDDUAQIDBAUGJCVYJHZlcnNpb25YJG9iamVjdHNZJGFyY2hpdmVyVCR0b3ASAAGGoKgHCBMUFRYaIVUkbnVsbNMJCgsMDxJXTlMua2V5c1pOUy5vYmplY3RzViRjbGFzc6INDoACgAOiEBGABIAFgAdccmVsYXRpdmVQYXRoWWFsaWFzRGF0YV8QM0hlcm9pbl9tb2RlbC9oZXJvaW5fcGFwZXJzL0lob25nYmVfeW91bmdfYWR1bHRzLnBkZtIXCxgZV05TLmRhdGFPEQIKAAAAAAIKAAIAAA1NYWNCb29rUHJvIEhEAAAAAAAAAAAAAAAAAADUuNM0SCsAAAAuWUYYSWhvbmdiZV95b3VuZ19hZHVsdHMucGRmAAAAAAAAAAAAAAAAAAAAAAAAAAAAAAAAAAAAAAAAAAAAAAAAAAAAAEhQD9d6bzQAAAAAAAAAAAABAAQAAAkgAAAAAAAAAAAAAAAAAAAADWhlcm9pbl9wYXBlcnMAABAACAAA1LkZhAAAABEACAAA13qndAAAAAEAGAAuWUYAKpyTACu2pQANuzcADbs2AAYwYwACAGlNYWNCb29rUHJvIEhEOlVzZXJzOgBwaGlsbGlwczoARG9jdW1lbnRzOgBSZXNlYXJjaDoASGVyb2luX21vZGVsOgBoZXJvaW5fcGFwZXJzOgBJaG9uZ2JlX3lvdW5nX2FkdWx0cy5wZGYAAA4AMgAYAEkAaABvAG4AZwBiAGUAXwB5AG8AdQBuAGcAXwBhAGQAdQBsAHQAcwAuAHAAZABmAA8AHAANAE0AYQBjAEIAbwBvAGsAUAByAG8AIABIAEQAEgBVVXNlcnMvcGhpbGxpcHMvRG9jdW1lbnRzL1Jlc2VhcmNoL0hlcm9pbl9tb2RlbC9oZXJvaW5fcGFwZXJzL0lob25nYmVfeW91bmdfYWR1bHRzLnBkZgAAEwABLwAAFQACAA///wAAgAbSGxwdHlokY2xhc3NuYW1lWCRjbGFzc2VzXU5TTXV0YWJsZURhdGGjHR8gVk5TRGF0YVhOU09iamVjdNIbHCIjXE5TRGljdGlvbmFyeaIiIF8QD05TS2V5ZWRBcmNoaXZlctEmJ1Ryb290gAEACAARABoAIwAtADIANwBAAEYATQBVAGAAZwBqAGwAbgBxAHMAdQB3AIQAjgDEAMkA0QLfAuEC5gLxAvoDCAMMAxMDHAMhAy4DMQNDA0YDSwAAAAAAAAIBAAAAAAAAACgAAAAAAAAAAAAAAAAAAANN}}

@article{Liu,
	Author = {Junli Liu and Tailei Zhang},
	Date-Added = {2018-08-02 21:32:59 +0000},
	Date-Modified = {2018-08-02 21:32:59 +0000},
	Journal = {Applied Mathematics Letters},
	Pages = {1685-1692},
	Title = {Global Behaviour of a heroin epidemic model with distributed delays},
	Volume = {24},
	Year = {2011},
	Bdsk-File-1 = {YnBsaXN0MDDUAQIDBAUGJCVYJHZlcnNpb25YJG9iamVjdHNZJGFyY2hpdmVyVCR0b3ASAAGGoKgHCBMUFRYaIVUkbnVsbNMJCgsMDxJXTlMua2V5c1pOUy5vYmplY3RzViRjbGFzc6INDoACgAOiEBGABIAFgAdccmVsYXRpdmVQYXRoWWFsaWFzRGF0YV8QNEhlcm9pbl9tb2RlbC9oZXJvaW5fcGFwZXJzL0xpdV9EaXN0cmlidXRlZF9EZWxheS5wZGbSFwsYGVdOUy5kYXRhTxECDAAAAAACDAACAAANTWFjQm9va1BybyBIRAAAAAAAAAAAAAAAAAAA1LjTNEgrAAAALllGGUxpdV9EaXN0cmlidXRlZF9EZWxheS5wZGYAAAAAAAAAAAAAAAAAAAAAAAAAAAAAAAAAAAAAAAAAAAAAAAAAAABG06PXYCcZAAAAAAAAAAAAAQAEAAAJIAAAAAAAAAAAAAAAAAAAAA1oZXJvaW5fcGFwZXJzAAAQAAgAANS5GYQAAAARAAgAANdgX1kAAAABABgALllGACqckwArtqUADbs3AA27NgAGMGMAAgBqTWFjQm9va1BybyBIRDpVc2VyczoAcGhpbGxpcHM6AERvY3VtZW50czoAUmVzZWFyY2g6AEhlcm9pbl9tb2RlbDoAaGVyb2luX3BhcGVyczoATGl1X0Rpc3RyaWJ1dGVkX0RlbGF5LnBkZgAOADQAGQBMAGkAdQBfAEQAaQBzAHQAcgBpAGIAdQB0AGUAZABfAEQAZQBsAGEAeQAuAHAAZABmAA8AHAANAE0AYQBjAEIAbwBvAGsAUAByAG8AIABIAEQAEgBWVXNlcnMvcGhpbGxpcHMvRG9jdW1lbnRzL1Jlc2VhcmNoL0hlcm9pbl9tb2RlbC9oZXJvaW5fcGFwZXJzL0xpdV9EaXN0cmlidXRlZF9EZWxheS5wZGYAEwABLwAAFQACAA///wAAgAbSGxwdHlokY2xhc3NuYW1lWCRjbGFzc2VzXU5TTXV0YWJsZURhdGGjHR8gVk5TRGF0YVhOU09iamVjdNIbHCIjXE5TRGljdGlvbmFyeaIiIF8QD05TS2V5ZWRBcmNoaXZlctEmJ1Ryb290gAEACAARABoAIwAtADIANwBAAEYATQBVAGAAZwBqAGwAbgBxAHMAdQB3AIQAjgDFAMoA0gLiAuQC6QL0Av0DCwMPAxYDHwMkAzEDNANGA0kDTgAAAAAAAAIBAAAAAAAAACgAAAAAAAAAAAAAAAAAAANQ}}

@article{Ma,
	Abstract = {In this paper, the dynamical properties of a heroin model with nonlinear contact rate are discussed. We analyze the types of the equilibria and show that the model exhibits numerous kinds of bifurcation, such as the saddle-node bifurcation, the Hopf bifurcation, Bogdanov--Takens bifurcation of codimension 2 and so on as the parameters values vary. These results have certain effect to control the heroin prevalence.},
	Author = {Mingju Ma and Sanyang Liu and Jun Li},
	Date-Added = {2018-08-02 21:32:59 +0000},
	Date-Modified = {2018-08-02 21:32:59 +0000},
	Day = {01},
	Doi = {10.1007/s11071-016-3260-9},
	Issn = {1573-269X},
	Journal = {Nonlinear Dynamics},
	Month = {Apr},
	Number = {1},
	Pages = {555--565},
	Title = {Bifurcation of a heroin model with nonlinear incidence rate},
	Url = {https://doi.org/10.1007/s11071-016-3260-9},
	Volume = {88},
	Year = {2017},
	Bdsk-File-1 = {YnBsaXN0MDDUAQIDBAUGJCVYJHZlcnNpb25YJG9iamVjdHNZJGFyY2hpdmVyVCR0b3ASAAGGoKgHCBMUFRYaIVUkbnVsbNMJCgsMDxJXTlMua2V5c1pOUy5vYmplY3RzViRjbGFzc6INDoACgAOiEBGABIAFgAdccmVsYXRpdmVQYXRoWWFsaWFzRGF0YV8QNUhlcm9pbl9tb2RlbC9oZXJvaW5fcGFwZXJzL01hX25vbmxpbmVhcl9pbmNpZGVuY2UucGRm0hcLGBlXTlMuZGF0YU8RAhIAAAAAAhIAAgAADU1hY0Jvb2tQcm8gSEQAAAAAAAAAAAAAAAAAANS40zRIKwAAAC5ZRhpNYV9ub25saW5lYXJfaW5jaWRlbmNlLnBkZgAAAAAAAAAAAAAAAAAAAAAAAAAAAAAAAAAAAAAAAAAAAAAAAAAASTs914T1LwAAAAAAAAAAAAEABAAACSAAAAAAAAAAAAAAAAAAAAANaGVyb2luX3BhcGVycwAAEAAIAADUuRmEAAAAEQAIAADXhS1vAAAAAQAYAC5ZRgAqnJMAK7alAA27NwANuzYABjBjAAIAa01hY0Jvb2tQcm8gSEQ6VXNlcnM6AHBoaWxsaXBzOgBEb2N1bWVudHM6AFJlc2VhcmNoOgBIZXJvaW5fbW9kZWw6AGhlcm9pbl9wYXBlcnM6AE1hX25vbmxpbmVhcl9pbmNpZGVuY2UucGRmAAAOADYAGgBNAGEAXwBuAG8AbgBsAGkAbgBlAGEAcgBfAGkAbgBjAGkAZABlAG4AYwBlAC4AcABkAGYADwAcAA0ATQBhAGMAQgBvAG8AawBQAHIAbwAgAEgARAASAFdVc2Vycy9waGlsbGlwcy9Eb2N1bWVudHMvUmVzZWFyY2gvSGVyb2luX21vZGVsL2hlcm9pbl9wYXBlcnMvTWFfbm9ubGluZWFyX2luY2lkZW5jZS5wZGYAABMAAS8AABUAAgAP//8AAIAG0hscHR5aJGNsYXNzbmFtZVgkY2xhc3Nlc11OU011dGFibGVEYXRhox0fIFZOU0RhdGFYTlNPYmplY3TSGxwiI1xOU0RpY3Rpb25hcnmiIiBfEA9OU0tleWVkQXJjaGl2ZXLRJidUcm9vdIABAAgAEQAaACMALQAyADcAQABGAE0AVQBgAGcAagBsAG4AcQBzAHUAdwCEAI4AxgDLANMC6QLrAvAC+wMEAxIDFgMdAyYDKwM4AzsDTQNQA1UAAAAAAAACAQAAAAAAAAAoAAAAAAAAAAAAAAAAAAADVw==}}

@article{Mandell,
	Annote = {Joint Commission and American Pain Society background info. },
	Author = {Brian Mandell},
	Date-Added = {2018-08-02 21:32:59 +0000},
	Date-Modified = {2018-08-02 21:32:59 +0000},
	Journal = {Cleveland Clinic Journal of Medicine},
	Number = {6},
	Title = {The Fifth Vital Sign: A Complex Story of Politics and Patient Care},
	Volume = {83},
	Year = {June 2016},
	Bdsk-File-1 = {YnBsaXN0MDDUAQIDBAUGJCVYJHZlcnNpb25YJG9iamVjdHNZJGFyY2hpdmVyVCR0b3ASAAGGoKgHCBMUFRYaIVUkbnVsbNMJCgsMDxJXTlMua2V5c1pOUy5vYmplY3RzViRjbGFzc6INDoACgAOiEBGABIAFgAdccmVsYXRpdmVQYXRoWWFsaWFzRGF0YV8QN0hlcm9pbl9tb2RlbC9oZXJvaW5fcGFwZXJzL01hbmRlbGxfRmlmdGhfdml0YWxfc2lnbi5wZGbSFwsYGVdOUy5kYXRhTxECGgAAAAACGgACAAANTWFjQm9va1BybyBIRAAAAAAAAAAAAAAAAAAA1LjTNEgrAAAALllGHE1hbmRlbGxfRmlmdGhfdml0YWxfc2lnbi5wZGYAAAAAAAAAAAAAAAAAAAAAAAAAAAAAAAAAAAAAAAAAAAAAAABDjyLXH1AqAAAAAAAAAAAAAQAEAAAJIAAAAAAAAAAAAAAAAAAAAA1oZXJvaW5fcGFwZXJzAAAQAAgAANS5GYQAAAARAAgAANcfiGoAAAABABgALllGACqckwArtqUADbs3AA27NgAGMGMAAgBtTWFjQm9va1BybyBIRDpVc2VyczoAcGhpbGxpcHM6AERvY3VtZW50czoAUmVzZWFyY2g6AEhlcm9pbl9tb2RlbDoAaGVyb2luX3BhcGVyczoATWFuZGVsbF9GaWZ0aF92aXRhbF9zaWduLnBkZgAADgA6ABwATQBhAG4AZABlAGwAbABfAEYAaQBmAHQAaABfAHYAaQB0AGEAbABfAHMAaQBnAG4ALgBwAGQAZgAPABwADQBNAGEAYwBCAG8AbwBrAFAAcgBvACAASABEABIAWVVzZXJzL3BoaWxsaXBzL0RvY3VtZW50cy9SZXNlYXJjaC9IZXJvaW5fbW9kZWwvaGVyb2luX3BhcGVycy9NYW5kZWxsX0ZpZnRoX3ZpdGFsX3NpZ24ucGRmAAATAAEvAAAVAAIAD///AACABtIbHB0eWiRjbGFzc25hbWVYJGNsYXNzZXNdTlNNdXRhYmxlRGF0YaMdHyBWTlNEYXRhWE5TT2JqZWN00hscIiNcTlNEaWN0aW9uYXJ5oiIgXxAPTlNLZXllZEFyY2hpdmVy0SYnVHJvb3SAAQAIABEAGgAjAC0AMgA3AEAARgBNAFUAYABnAGoAbABuAHEAcwB1AHcAhACOAMgAzQDVAvMC9QL6AwUDDgMcAyADJwMwAzUDQgNFA1cDWgNfAAAAAAAAAgEAAAAAAAAAKAAAAAAAAAAAAAAAAAAAA2E=}}

@periodical{Muhuri,
	Author = {Pradip K. Muhuri and Joseph C. Gfroerer and M. Christine Davies},
	Date-Added = {2018-08-02 21:32:59 +0000},
	Date-Modified = {2018-08-02 21:32:59 +0000},
	Journal = {Center for Behavioral Health Statistics and Quality},
	Title = {Associations of Nonmedical Pain Reliever Use and Initiation of Heroin Use in the {U}nited {S}tates},
	Year = {2013},
	Bdsk-File-1 = {YnBsaXN0MDDUAQIDBAUGJCVYJHZlcnNpb25YJG9iamVjdHNZJGFyY2hpdmVyVCR0b3ASAAGGoKgHCBMUFRYaIVUkbnVsbNMJCgsMDxJXTlMua2V5c1pOUy5vYmplY3RzViRjbGFzc6INDoACgAOiEBGABIAFgAdccmVsYXRpdmVQYXRoWWFsaWFzRGF0YV8QQEhlcm9pbl9tb2RlbC9oZXJvaW5fcGFwZXJzL011aHVyaV9QcmVzY3JpcHRpb25fdG9faGVyb2luX3VzZS5wZGbSFwsYGVdOUy5kYXRhTxECNgAAAAACNgACAAANTWFjQm9va1BybyBIRAAAAAAAAAAAAAAAAAAA1LjTNEgrAAAALllGH011aHVyaV9QcmVzY3JpcHRpb25fIzQzQTYxNC5wZGYAAAAAAAAAAAAAAAAAAAAAAAAAAAAAAAAAAAAAAAAAAABDphTXIKRhAAAAAAAAAAAAAQAEAAAJIAAAAAAAAAAAAAAAAAAAAA1oZXJvaW5fcGFwZXJzAAAQAAgAANS5GYQAAAARAAgAANcg3KEAAAABABgALllGACqckwArtqUADbs3AA27NgAGMGMAAgBwTWFjQm9va1BybyBIRDpVc2VyczoAcGhpbGxpcHM6AERvY3VtZW50czoAUmVzZWFyY2g6AEhlcm9pbl9tb2RlbDoAaGVyb2luX3BhcGVyczoATXVodXJpX1ByZXNjcmlwdGlvbl8jNDNBNjE0LnBkZgAOAEwAJQBNAHUAaAB1AHIAaQBfAFAAcgBlAHMAYwByAGkAcAB0AGkAbwBuAF8AdABvAF8AaABlAHIAbwBpAG4AXwB1AHMAZQAuAHAAZABmAA8AHAANAE0AYQBjAEIAbwBvAGsAUAByAG8AIABIAEQAEgBiVXNlcnMvcGhpbGxpcHMvRG9jdW1lbnRzL1Jlc2VhcmNoL0hlcm9pbl9tb2RlbC9oZXJvaW5fcGFwZXJzL011aHVyaV9QcmVzY3JpcHRpb25fdG9faGVyb2luX3VzZS5wZGYAEwABLwAAFQACAA///wAAgAbSGxwdHlokY2xhc3NuYW1lWCRjbGFzc2VzXU5TTXV0YWJsZURhdGGjHR8gVk5TRGF0YVhOU09iamVjdNIbHCIjXE5TRGljdGlvbmFyeaIiIF8QD05TS2V5ZWRBcmNoaXZlctEmJ1Ryb290gAEACAARABoAIwAtADIANwBAAEYATQBVAGAAZwBqAGwAbgBxAHMAdQB3AIQAjgDRANYA3gMYAxoDHwMqAzMDQQNFA0wDVQNaA2cDagN8A38DhAAAAAAAAAIBAAAAAAAAACgAAAAAAAAAAAAAAAAAAAOG}}

@misc{NIDA1,
	Annote = {National Institute on Drug Abuse (NIDA) Prescription Opioids and Heroin: provides summary of how drug overdose deaths involving prescription opioids have increased since 1999, Rx use is a risk factor for heroin use, heroin use driven by cheapness and high availability. },
	Author = {{National Institute on Drug Abuse}},
	Date-Added = {2018-08-02 21:32:59 +0000},
	Date-Modified = {2018-08-02 21:32:59 +0000},
	Howpublished = {Available at https://d14rmgtrwzf5a.cloudfront.net/sites/default/files/19774-prescription-opioids-and-heroin.pdf (accessed 04/16/2018)},
	Month = {January},
	Title = {Prescription Opioids and Heroin},
	Year = {2018},
	Bdsk-File-1 = {YnBsaXN0MDDUAQIDBAUGJCVYJHZlcnNpb25YJG9iamVjdHNZJGFyY2hpdmVyVCR0b3ASAAGGoKgHCBMUFRYaIVUkbnVsbNMJCgsMDxJXTlMua2V5c1pOUy5vYmplY3RzViRjbGFzc6INDoACgAOiEBGABIAFgAdccmVsYXRpdmVQYXRoWWFsaWFzRGF0YV8QNkhlcm9pbl9tb2RlbC9oZXJvaW5fcGFwZXJzL05JREExX1N1bW1hcnlfUnhfSGVyb2luLnBkZtIXCxgZV05TLmRhdGFPEQIUAAAAAAIUAAIAAA1NYWNCb29rUHJvIEhEAAAAAAAAAAAAAAAAAADUuNM0SCsAAAAuWUYbTklEQTFfU3VtbWFyeV9SeF9IZXJvaW4ucGRmAAAAAAAAAAAAAAAAAAAAAAAAAAAAAAAAAAAAAAAAAAAAAAAAAEEutNb6TgYAAAAAAAAAAAABAAQAAAkgAAAAAAAAAAAAAAAAAAAADWhlcm9pbl9wYXBlcnMAABAACAAA1LkZhAAAABEACAAA1vqGRgAAAAEAGAAuWUYAKpyTACu2pQANuzcADbs2AAYwYwACAGxNYWNCb29rUHJvIEhEOlVzZXJzOgBwaGlsbGlwczoARG9jdW1lbnRzOgBSZXNlYXJjaDoASGVyb2luX21vZGVsOgBoZXJvaW5fcGFwZXJzOgBOSURBMV9TdW1tYXJ5X1J4X0hlcm9pbi5wZGYADgA4ABsATgBJAEQAQQAxAF8AUwB1AG0AbQBhAHIAeQBfAFIAeABfAEgAZQByAG8AaQBuAC4AcABkAGYADwAcAA0ATQBhAGMAQgBvAG8AawBQAHIAbwAgAEgARAASAFhVc2Vycy9waGlsbGlwcy9Eb2N1bWVudHMvUmVzZWFyY2gvSGVyb2luX21vZGVsL2hlcm9pbl9wYXBlcnMvTklEQTFfU3VtbWFyeV9SeF9IZXJvaW4ucGRmABMAAS8AABUAAgAP//8AAIAG0hscHR5aJGNsYXNzbmFtZVgkY2xhc3Nlc11OU011dGFibGVEYXRhox0fIFZOU0RhdGFYTlNPYmplY3TSGxwiI1xOU0RpY3Rpb25hcnmiIiBfEA9OU0tleWVkQXJjaGl2ZXLRJidUcm9vdIABAAgAEQAaACMALQAyADcAQABGAE0AVQBgAGcAagBsAG4AcQBzAHUAdwCEAI4AxwDMANQC7ALuAvMC/gMHAxUDGQMgAykDLgM7Az4DUANTA1gAAAAAAAACAQAAAAAAAAAoAAAAAAAAAAAAAAAAAAADWg==}}

@misc{NIDA2,
	Author = {{National Institute on Drug Abuse}},
	Date-Added = {2018-08-02 21:32:59 +0000},
	Date-Modified = {2018-08-02 21:32:59 +0000},
	Howpublished = {Available at https://d14rmgtrwzf5a.cloudfront.net/sites/default/files/828-heroin.pdf (accessed 7/18/2018)},
	Month = {June},
	Title = {Heroin},
	Year = {2018},
	Bdsk-File-1 = {YnBsaXN0MDDUAQIDBAUGJCVYJHZlcnNpb25YJG9iamVjdHNZJGFyY2hpdmVyVCR0b3ASAAGGoKgHCBMUFRYaIVUkbnVsbNMJCgsMDxJXTlMua2V5c1pOUy5vYmplY3RzViRjbGFzc6INDoACgAOiEBGABIAFgAdccmVsYXRpdmVQYXRoWWFsaWFzRGF0YV8QK0hlcm9pbl9tb2RlbC9oZXJvaW5fcGFwZXJzL05JREEyX0hlcm9pbi5wZGbSFwsYGVdOUy5kYXRhTxEB6gAAAAAB6gACAAANTWFjQm9va1BybyBIRAAAAAAAAAAAAAAAAAAA1LjTNEgrAAAALllGEE5JREEyX0hlcm9pbi5wZGYAAAAAAAAAAAAAAAAAAAAAAAAAAAAAAAAAAAAAAAAAAAAAAAAAAAAAAAAAAAAAAABIBXfXdRiyAAAAAAAAAAAAAQAEAAAJIAAAAAAAAAAAAAAAAAAAAA1oZXJvaW5fcGFwZXJzAAAQAAgAANS5GYQAAAARAAgAANd1UPIAAAABABgALllGACqckwArtqUADbs3AA27NgAGMGMAAgBhTWFjQm9va1BybyBIRDpVc2VyczoAcGhpbGxpcHM6AERvY3VtZW50czoAUmVzZWFyY2g6AEhlcm9pbl9tb2RlbDoAaGVyb2luX3BhcGVyczoATklEQTJfSGVyb2luLnBkZgAADgAiABAATgBJAEQAQQAyAF8ASABlAHIAbwBpAG4ALgBwAGQAZgAPABwADQBNAGEAYwBCAG8AbwBrAFAAcgBvACAASABEABIATVVzZXJzL3BoaWxsaXBzL0RvY3VtZW50cy9SZXNlYXJjaC9IZXJvaW5fbW9kZWwvaGVyb2luX3BhcGVycy9OSURBMl9IZXJvaW4ucGRmAAATAAEvAAAVAAIAD///AACABtIbHB0eWiRjbGFzc25hbWVYJGNsYXNzZXNdTlNNdXRhYmxlRGF0YaMdHyBWTlNEYXRhWE5TT2JqZWN00hscIiNcTlNEaWN0aW9uYXJ5oiIgXxAPTlNLZXllZEFyY2hpdmVy0SYnVHJvb3SAAQAIABEAGgAjAC0AMgA3AEAARgBNAFUAYABnAGoAbABuAHEAcwB1AHcAhACOALwAwQDJArcCuQK+AskC0gLgAuQC6wL0AvkDBgMJAxsDHgMjAAAAAAAAAgEAAAAAAAAAKAAAAAAAAAAAAAAAAAAAAyU=}}

@misc{NIH1,
	Author = {{National Institute on Drug Abuse}},
	Date-Added = {2018-08-02 21:32:59 +0000},
	Date-Modified = {2018-08-02 21:32:59 +0000},
	Howpublished = {Available at https://www.drugabuse.gov/publications/drugfacts/heroin{\#}ref(accessed 07/17/2018)},
	Month = {June},
	Title = {Heroin},
	Year = {2018},
	Bdsk-File-1 = {YnBsaXN0MDDUAQIDBAUGJCVYJHZlcnNpb25YJG9iamVjdHNZJGFyY2hpdmVyVCR0b3ASAAGGoKgHCBMUFRYaIVUkbnVsbNMJCgsMDxJXTlMua2V5c1pOUy5vYmplY3RzViRjbGFzc6INDoACgAOiEBGABIAFgAdccmVsYXRpdmVQYXRoWWFsaWFzRGF0YV8QMEhlcm9pbl9tb2RlbC9oZXJvaW5fcGFwZXJzL05JSDFfaGVyb2luX2ZhY3RzLnBkZtIXCxgZV05TLmRhdGFPEQH8AAAAAAH8AAIAAA1NYWNCb29rUHJvIEhEAAAAAAAAAAAAAAAAAADUuNM0SCsAAAAuWUYVTklIMV9oZXJvaW5fZmFjdHMucGRmAAAAAAAAAAAAAAAAAAAAAAAAAAAAAAAAAAAAAAAAAAAAAAAAAAAAAAAAAEf5+Ndz/38AAAAAAAAAAAABAAQAAAkgAAAAAAAAAAAAAAAAAAAADWhlcm9pbl9wYXBlcnMAABAACAAA1LkZhAAAABEACAAA13Q3vwAAAAEAGAAuWUYAKpyTACu2pQANuzcADbs2AAYwYwACAGZNYWNCb29rUHJvIEhEOlVzZXJzOgBwaGlsbGlwczoARG9jdW1lbnRzOgBSZXNlYXJjaDoASGVyb2luX21vZGVsOgBoZXJvaW5fcGFwZXJzOgBOSUgxX2hlcm9pbl9mYWN0cy5wZGYADgAsABUATgBJAEgAMQBfAGgAZQByAG8AaQBuAF8AZgBhAGMAdABzAC4AcABkAGYADwAcAA0ATQBhAGMAQgBvAG8AawBQAHIAbwAgAEgARAASAFJVc2Vycy9waGlsbGlwcy9Eb2N1bWVudHMvUmVzZWFyY2gvSGVyb2luX21vZGVsL2hlcm9pbl9wYXBlcnMvTklIMV9oZXJvaW5fZmFjdHMucGRmABMAAS8AABUAAgAP//8AAIAG0hscHR5aJGNsYXNzbmFtZVgkY2xhc3Nlc11OU011dGFibGVEYXRhox0fIFZOU0RhdGFYTlNPYmplY3TSGxwiI1xOU0RpY3Rpb25hcnmiIiBfEA9OU0tleWVkQXJjaGl2ZXLRJidUcm9vdIABAAgAEQAaACMALQAyADcAQABGAE0AVQBgAGcAagBsAG4AcQBzAHUAdwCEAI4AwQDGAM4CzgLQAtUC4ALpAvcC+wMCAwsDEAMdAyADMgM1AzoAAAAAAAACAQAAAAAAAAAoAAAAAAAAAAAAAAAAAAADPA==}}

@misc{NIH2,
	Author = {Wilson M. Compton},
	Date-Added = {2018-08-02 21:32:59 +0000},
	Date-Modified = {2018-08-02 21:32:59 +0000},
	Howpublished = {Available at https://www.drugabuse.gov/about-nida/legislative-activities/testimony-to-congress/2017/research-use-misuse-fentanyl-other-synthetic-opioids (accessed 07/18/2018)},
	Month = {June},
	Title = {Research on the Use and Misuse of Fentanyl and Other Synthetic Opioids},
	Year = {2017},
	Bdsk-File-1 = {YnBsaXN0MDDUAQIDBAUGJCVYJHZlcnNpb25YJG9iamVjdHNZJGFyY2hpdmVyVCR0b3ASAAGGoKgHCBMUFRYaIVUkbnVsbNMJCgsMDxJXTlMua2V5c1pOUy5vYmplY3RzViRjbGFzc6INDoACgAOiEBGABIAFgAdccmVsYXRpdmVQYXRoWWFsaWFzRGF0YV8QLEhlcm9pbl9tb2RlbC9oZXJvaW5fcGFwZXJzL05JSDJfRmVudGFueWwucGRm0hcLGBlXTlMuZGF0YU8RAewAAAAAAewAAgAADU1hY0Jvb2tQcm8gSEQAAAAAAAAAAAAAAAAAANS40zRIKwAAAC5ZRhFOSUgyX0ZlbnRhbnlsLnBkZgAAAAAAAAAAAAAAAAAAAAAAAAAAAAAAAAAAAAAAAAAAAAAAAAAAAAAAAAAAAAAASAEv13TxNgAAAAAAAAAAAAEABAAACSAAAAAAAAAAAAAAAAAAAAANaGVyb2luX3BhcGVycwAAEAAIAADUuRmEAAAAEQAIAADXdSl2AAAAAQAYAC5ZRgAqnJMAK7alAA27NwANuzYABjBjAAIAYk1hY0Jvb2tQcm8gSEQ6VXNlcnM6AHBoaWxsaXBzOgBEb2N1bWVudHM6AFJlc2VhcmNoOgBIZXJvaW5fbW9kZWw6AGhlcm9pbl9wYXBlcnM6AE5JSDJfRmVudGFueWwucGRmAA4AJAARAE4ASQBIADIAXwBGAGUAbgB0AGEAbgB5AGwALgBwAGQAZgAPABwADQBNAGEAYwBCAG8AbwBrAFAAcgBvACAASABEABIATlVzZXJzL3BoaWxsaXBzL0RvY3VtZW50cy9SZXNlYXJjaC9IZXJvaW5fbW9kZWwvaGVyb2luX3BhcGVycy9OSUgyX0ZlbnRhbnlsLnBkZgATAAEvAAAVAAIAD///AACABtIbHB0eWiRjbGFzc25hbWVYJGNsYXNzZXNdTlNNdXRhYmxlRGF0YaMdHyBWTlNEYXRhWE5TT2JqZWN00hscIiNcTlNEaWN0aW9uYXJ5oiIgXxAPTlNLZXllZEFyY2hpdmVy0SYnVHJvb3SAAQAIABEAGgAjAC0AMgA3AEAARgBNAFUAYABnAGoAbABuAHEAcwB1AHcAhACOAL0AwgDKAroCvALBAswC1QLjAucC7gL3AvwDCQMMAx4DIQMmAAAAAAAAAgEAAAAAAAAAKAAAAAAAAAAAAAAAAAAAAyg=}}

@misc{NIH3,
	Author = {{National Institute on Drug Abuse}},
	Date-Added = {2018-08-02 21:32:59 +0000},
	Date-Modified = {2018-08-02 21:32:59 +0000},
	Howpublished = {Available at https://www.drugabuse.gov/drugs-abuse/opioids/opioid-summaries-by-state (accessed 7/18/2018)},
	Month = {February},
	Title = {Opioid Summaries by State},
	Year = {2018}}

@misc{NSDUH1,
	Annote = {2016 National Survey on Drug Use and Health{\ldots}opioid and heroin summary diagrams },
	Author = {{Substance Abuse and Mental Health Services Administration}},
	Date-Added = {2018-08-02 21:32:59 +0000},
	Date-Modified = {2018-08-02 21:32:59 +0000},
	Howpublished = {Available at https://www.samhsa.gov/sites/default/files/topics/data\_outcomes\_quality/nsduh-ppt-09-2017.pdf (accessed 06/26/2018)},
	Month = {September},
	Title = {2016 {NSDUH} Report: America's Behavioral Health Changes and Challenges},
	Year = {2017},
	Bdsk-File-1 = {YnBsaXN0MDDUAQIDBAUGJCVYJHZlcnNpb25YJG9iamVjdHNZJGFyY2hpdmVyVCR0b3ASAAGGoKgHCBMUFRYaIVUkbnVsbNMJCgsMDxJXTlMua2V5c1pOUy5vYmplY3RzViRjbGFzc6INDoACgAOiEBGABIAFgAdccmVsYXRpdmVQYXRoWWFsaWFzRGF0YV8QM0hlcm9pbl9tb2RlbC9oZXJvaW5fcGFwZXJzL05TRFVIMV9oZXJvaW5fZGVhdGhzLnBkZtIXCxgZV05TLmRhdGFPEQIKAAAAAAIKAAIAAA1NYWNCb29rUHJvIEhEAAAAAAAAAAAAAAAAAADUuNM0SCsAAAAuWUYYTlNEVUgxX2hlcm9pbl9kZWF0aHMucGRmAAAAAAAAAAAAAAAAAAAAAAAAAAAAAAAAAAAAAAAAAAAAAAAAAAAAAEZgSNb6KioAAAAAAAAAAAABAAQAAAkgAAAAAAAAAAAAAAAAAAAADWhlcm9pbl9wYXBlcnMAABAACAAA1LkZhAAAABEACAAA1vpiagAAAAEAGAAuWUYAKpyTACu2pQANuzcADbs2AAYwYwACAGlNYWNCb29rUHJvIEhEOlVzZXJzOgBwaGlsbGlwczoARG9jdW1lbnRzOgBSZXNlYXJjaDoASGVyb2luX21vZGVsOgBoZXJvaW5fcGFwZXJzOgBOU0RVSDFfaGVyb2luX2RlYXRocy5wZGYAAA4AMgAYAE4AUwBEAFUASAAxAF8AaABlAHIAbwBpAG4AXwBkAGUAYQB0AGgAcwAuAHAAZABmAA8AHAANAE0AYQBjAEIAbwBvAGsAUAByAG8AIABIAEQAEgBVVXNlcnMvcGhpbGxpcHMvRG9jdW1lbnRzL1Jlc2VhcmNoL0hlcm9pbl9tb2RlbC9oZXJvaW5fcGFwZXJzL05TRFVIMV9oZXJvaW5fZGVhdGhzLnBkZgAAEwABLwAAFQACAA///wAAgAbSGxwdHlokY2xhc3NuYW1lWCRjbGFzc2VzXU5TTXV0YWJsZURhdGGjHR8gVk5TRGF0YVhOU09iamVjdNIbHCIjXE5TRGljdGlvbmFyeaIiIF8QD05TS2V5ZWRBcmNoaXZlctEmJ1Ryb290gAEACAARABoAIwAtADIANwBAAEYATQBVAGAAZwBqAGwAbgBxAHMAdQB3AIQAjgDEAMkA0QLfAuEC5gLxAvoDCAMMAxMDHAMhAy4DMQNDA0YDSwAAAAAAAAIBAAAAAAAAACgAAAAAAAAAAAAAAAAAAANN}}

@article{Samanta,
	Author = {G.P. Samanta},
	Date-Added = {2018-08-02 21:32:59 +0000},
	Date-Modified = {2018-08-02 21:32:59 +0000},
	Journal = {Journal of Applied Mathematics and Computing},
	Number = {1-2},
	Pages = {161-178},
	Title = {Dynamic behaviour for a nonautonomous heroin epidemic model with time delay},
	Volume = {35},
	Year = {2011},
	Bdsk-File-1 = {YnBsaXN0MDDUAQIDBAUGJCVYJHZlcnNpb25YJG9iamVjdHNZJGFyY2hpdmVyVCR0b3ASAAGGoKgHCBMUFRYaIVUkbnVsbNMJCgsMDxJXTlMua2V5c1pOUy5vYmplY3RzViRjbGFzc6INDoACgAOiEBGABIAFgAdccmVsYXRpdmVQYXRoWWFsaWFzRGF0YV8QNEhlcm9pbl9tb2RlbC9oZXJvaW5fcGFwZXJzL1NhbWFudGFfTm9uYXV0b25vbW91cy5wZGbSFwsYGVdOUy5kYXRhTxECDAAAAAACDAACAAANTWFjQm9va1BybyBIRAAAAAAAAAAAAAAAAAAA1LjTNEgrAAAALllGGVNhbWFudGFfTm9uYXV0b25vbW91cy5wZGYAAAAAAAAAAAAAAAAAAAAAAAAAAAAAAAAAAAAAAAAAAAAAAAAAAABH7ULXc9MVAAAAAAAAAAAAAQAEAAAJIAAAAAAAAAAAAAAAAAAAAA1oZXJvaW5fcGFwZXJzAAAQAAgAANS5GYQAAAARAAgAANd0C1UAAAABABgALllGACqckwArtqUADbs3AA27NgAGMGMAAgBqTWFjQm9va1BybyBIRDpVc2VyczoAcGhpbGxpcHM6AERvY3VtZW50czoAUmVzZWFyY2g6AEhlcm9pbl9tb2RlbDoAaGVyb2luX3BhcGVyczoAU2FtYW50YV9Ob25hdXRvbm9tb3VzLnBkZgAOADQAGQBTAGEAbQBhAG4AdABhAF8ATgBvAG4AYQB1AHQAbwBuAG8AbQBvAHUAcwAuAHAAZABmAA8AHAANAE0AYQBjAEIAbwBvAGsAUAByAG8AIABIAEQAEgBWVXNlcnMvcGhpbGxpcHMvRG9jdW1lbnRzL1Jlc2VhcmNoL0hlcm9pbl9tb2RlbC9oZXJvaW5fcGFwZXJzL1NhbWFudGFfTm9uYXV0b25vbW91cy5wZGYAEwABLwAAFQACAA///wAAgAbSGxwdHlokY2xhc3NuYW1lWCRjbGFzc2VzXU5TTXV0YWJsZURhdGGjHR8gVk5TRGF0YVhOU09iamVjdNIbHCIjXE5TRGljdGlvbmFyeaIiIF8QD05TS2V5ZWRBcmNoaXZlctEmJ1Ryb290gAEACAARABoAIwAtADIANwBAAEYATQBVAGAAZwBqAGwAbgBxAHMAdQB3AIQAjgDFAMoA0gLiAuQC6QL0Av0DCwMPAxYDHwMkAzEDNANGA0kDTgAAAAAAAAIBAAAAAAAAACgAAAAAAAAAAAAAAAAAAANQ}}

@misc{SAMSHA1,
	Annote = {Treatment options },
	Author = {{Substance Abuse and Mental Health Services Administration}},
	Date-Added = {2018-08-02 21:32:59 +0000},
	Date-Modified = {2018-08-02 21:32:59 +0000},
	Howpublished = {Available at https://www.samhsa.gov/medication-assisted-treatment/treatment (accessed 07/16/2018)},
	Month = {September},
	Title = {Medication and Counseling Treatment},
	Year = {2015},
	Bdsk-File-1 = {YnBsaXN0MDDUAQIDBAUGJCVYJHZlcnNpb25YJG9iamVjdHNZJGFyY2hpdmVyVCR0b3ASAAGGoKgHCBMUFRYaIVUkbnVsbNMJCgsMDxJXTlMua2V5c1pOUy5vYmplY3RzViRjbGFzc6INDoACgAOiEBGABIAFgAdccmVsYXRpdmVQYXRoWWFsaWFzRGF0YV8QMEhlcm9pbl9tb2RlbC9oZXJvaW5fcGFwZXJzL1NBTVNIQTFfVHJlYXRtZW50LnBkZtIXCxgZV05TLmRhdGFPEQH8AAAAAAH8AAIAAA1NYWNCb29rUHJvIEhEAAAAAAAAAAAAAAAAAADUuNM0SCsAAAAuWUYVU0FNU0hBMV9UcmVhdG1lbnQucGRmAAAAAAAAAAAAAAAAAAAAAAAAAAAAAAAAAAAAAAAAAAAAAAAAAAAAAAAAAEfbvNdym0kAAAAAAAAAAAABAAQAAAkgAAAAAAAAAAAAAAAAAAAADWhlcm9pbl9wYXBlcnMAABAACAAA1LkZhAAAABEACAAA13LTiQAAAAEAGAAuWUYAKpyTACu2pQANuzcADbs2AAYwYwACAGZNYWNCb29rUHJvIEhEOlVzZXJzOgBwaGlsbGlwczoARG9jdW1lbnRzOgBSZXNlYXJjaDoASGVyb2luX21vZGVsOgBoZXJvaW5fcGFwZXJzOgBTQU1TSEExX1RyZWF0bWVudC5wZGYADgAsABUAUwBBAE0AUwBIAEEAMQBfAFQAcgBlAGEAdABtAGUAbgB0AC4AcABkAGYADwAcAA0ATQBhAGMAQgBvAG8AawBQAHIAbwAgAEgARAASAFJVc2Vycy9waGlsbGlwcy9Eb2N1bWVudHMvUmVzZWFyY2gvSGVyb2luX21vZGVsL2hlcm9pbl9wYXBlcnMvU0FNU0hBMV9UcmVhdG1lbnQucGRmABMAAS8AABUAAgAP//8AAIAG0hscHR5aJGNsYXNzbmFtZVgkY2xhc3Nlc11OU011dGFibGVEYXRhox0fIFZOU0RhdGFYTlNPYmplY3TSGxwiI1xOU0RpY3Rpb25hcnmiIiBfEA9OU0tleWVkQXJjaGl2ZXLRJidUcm9vdIABAAgAEQAaACMALQAyADcAQABGAE0AVQBgAGcAagBsAG4AcQBzAHUAdwCEAI4AwQDGAM4CzgLQAtUC4ALpAvcC+wMCAwsDEAMdAyADMgM1AzoAAAAAAAACAQAAAAAAAAAoAAAAAAAAAAAAAAAAAAADPA==}}

@misc{SAMSHA2,
	Author = {{Substance Abuse and Mental Health Services Administration}},
	Date-Added = {2018-08-02 21:32:59 +0000},
	Date-Modified = {2018-08-02 21:32:59 +0000},
	Howpublished = {Available at https://www.samhsa.gov/disorders/substance-use (accessed 07/16/2018)},
	Month = {October},
	Title = {Substance Use Disorders},
	Year = {2015},
	Bdsk-File-1 = {YnBsaXN0MDDUAQIDBAUGJCVYJHZlcnNpb25YJG9iamVjdHNZJGFyY2hpdmVyVCR0b3ASAAGGoKgHCBMUFRYaIVUkbnVsbNMJCgsMDxJXTlMua2V5c1pOUy5vYmplY3RzViRjbGFzc6INDoACgAOiEBGABIAFgAdccmVsYXRpdmVQYXRoWWFsaWFzRGF0YV8QPkhlcm9pbl9tb2RlbC9oZXJvaW5fcGFwZXJzL1NBTVNIQTJfVXNlX2Rpc29yZGVyX2RlZmluaXRpb24ucGRm0hcLGBlXTlMuZGF0YU8RAjAAAAAAAjAAAgAADU1hY0Jvb2tQcm8gSEQAAAAAAAAAAAAAAAAAANS40zRIKwAAAC5ZRh9TQU1TSEEyX1VzZV9kaXNvcmRlciM0NUE5OEQucGRmAAAAAAAAAAAAAAAAAAAAAAAAAAAAAAAAAAAAAAAAAAAARamN10btXAAAAAAAAAAAAAEABAAACSAAAAAAAAAAAAAAAAAAAAANaGVyb2luX3BhcGVycwAAEAAIAADUuRmEAAAAEQAIAADXRyWcAAAAAQAYAC5ZRgAqnJMAK7alAA27NwANuzYABjBjAAIAcE1hY0Jvb2tQcm8gSEQ6VXNlcnM6AHBoaWxsaXBzOgBEb2N1bWVudHM6AFJlc2VhcmNoOgBIZXJvaW5fbW9kZWw6AGhlcm9pbl9wYXBlcnM6AFNBTVNIQTJfVXNlX2Rpc29yZGVyIzQ1QTk4RC5wZGYADgBIACMAUwBBAE0AUwBIAEEAMgBfAFUAcwBlAF8AZABpAHMAbwByAGQAZQByAF8AZABlAGYAaQBuAGkAdABpAG8AbgAuAHAAZABmAA8AHAANAE0AYQBjAEIAbwBvAGsAUAByAG8AIABIAEQAEgBgVXNlcnMvcGhpbGxpcHMvRG9jdW1lbnRzL1Jlc2VhcmNoL0hlcm9pbl9tb2RlbC9oZXJvaW5fcGFwZXJzL1NBTVNIQTJfVXNlX2Rpc29yZGVyX2RlZmluaXRpb24ucGRmABMAAS8AABUAAgAP//8AAIAG0hscHR5aJGNsYXNzbmFtZVgkY2xhc3Nlc11OU011dGFibGVEYXRhox0fIFZOU0RhdGFYTlNPYmplY3TSGxwiI1xOU0RpY3Rpb25hcnmiIiBfEA9OU0tleWVkQXJjaGl2ZXLRJidUcm9vdIABAAgAEQAaACMALQAyADcAQABGAE0AVQBgAGcAagBsAG4AcQBzAHUAdwCEAI4AzwDUANwDEAMSAxcDIgMrAzkDPQNEA00DUgNfA2IDdAN3A3wAAAAAAAACAQAAAAAAAAAoAAAAAAAAAAAAAAAAAAADfg==}}

@misc{SAMSHA3,
	Annote = {Questions used for 2016 NSDUH survey (see starting page 223) 
},
	Author = {{Substance Abuse and Mental Health Services Administration and Center for Behavioral Health Statistics and Quality}},
	Date-Added = {2018-08-02 21:32:59 +0000},
	Date-Modified = {2018-08-02 21:32:59 +0000},
	Howpublished = {Available at https://www.samhsa.gov/data/sites/default/files/NSDUHmrbCAIquex2016v2.pdf (accessed 06/14/2018)},
	Month = {September},
	Title = {2016 National Survey on Drug Use and Health {(NSDUH)}: Final Approved {CAI} Specifications for Programming (English Version)},
	Year = {2015},
	Bdsk-File-1 = {YnBsaXN0MDDUAQIDBAUGJCVYJHZlcnNpb25YJG9iamVjdHNZJGFyY2hpdmVyVCR0b3ASAAGGoKgHCBMUFRYaIVUkbnVsbNMJCgsMDxJXTlMua2V5c1pOUy5vYmplY3RzViRjbGFzc6INDoACgAOiEBGABIAFgAdccmVsYXRpdmVQYXRoWWFsaWFzRGF0YV8QNkhlcm9pbl9tb2RlbC9oZXJvaW5fcGFwZXJzL1NBTVNIQTNfTlNEVUhfcXVlc3Rpb25zLnBkZtIXCxgZV05TLmRhdGFPEQIUAAAAAAIUAAIAAA1NYWNCb29rUHJvIEhEAAAAAAAAAAAAAAAAAADUuNM0SCsAAAAuWUYbU0FNU0hBM19OU0RVSF9xdWVzdGlvbnMucGRmAAAAAAAAAAAAAAAAAAAAAAAAAAAAAAAAAAAAAAAAAAAAAAAAAEf1w9dIkuwAAAAAAAAAAAABAAQAAAkgAAAAAAAAAAAAAAAAAAAADWhlcm9pbl9wYXBlcnMAABAACAAA1LkZhAAAABEACAAA10jLLAAAAAEAGAAuWUYAKpyTACu2pQANuzcADbs2AAYwYwACAGxNYWNCb29rUHJvIEhEOlVzZXJzOgBwaGlsbGlwczoARG9jdW1lbnRzOgBSZXNlYXJjaDoASGVyb2luX21vZGVsOgBoZXJvaW5fcGFwZXJzOgBTQU1TSEEzX05TRFVIX3F1ZXN0aW9ucy5wZGYADgA4ABsAUwBBAE0AUwBIAEEAMwBfAE4AUwBEAFUASABfAHEAdQBlAHMAdABpAG8AbgBzAC4AcABkAGYADwAcAA0ATQBhAGMAQgBvAG8AawBQAHIAbwAgAEgARAASAFhVc2Vycy9waGlsbGlwcy9Eb2N1bWVudHMvUmVzZWFyY2gvSGVyb2luX21vZGVsL2hlcm9pbl9wYXBlcnMvU0FNU0hBM19OU0RVSF9xdWVzdGlvbnMucGRmABMAAS8AABUAAgAP//8AAIAG0hscHR5aJGNsYXNzbmFtZVgkY2xhc3Nlc11OU011dGFibGVEYXRhox0fIFZOU0RhdGFYTlNPYmplY3TSGxwiI1xOU0RpY3Rpb25hcnmiIiBfEA9OU0tleWVkQXJjaGl2ZXLRJidUcm9vdIABAAgAEQAaACMALQAyADcAQABGAE0AVQBgAGcAagBsAG4AcQBzAHUAdwCEAI4AxwDMANQC7ALuAvMC/gMHAxUDGQMgAykDLgM7Az4DUANTA1gAAAAAAAACAQAAAAAAAAAoAAAAAAAAAAAAAAAAAAADWg==}}

@book{Smith,
	Address = {Rhode Island},
	Annote = {Non-negativity of solutions chapter from Lenhart via email},
	Author = {Hal L. Smith},
	Date-Added = {2018-08-02 21:32:59 +0000},
	Date-Modified = {2018-08-02 21:32:59 +0000},
	Publisher = {American Mathematical Society},
	Title = {Monotone dynamical systems: an introduction to the theory of competitive and cooperative systems},
	Volume = {41},
	Year = {1995},
	Bdsk-File-1 = {YnBsaXN0MDDUAQIDBAUGJCVYJHZlcnNpb25YJG9iamVjdHNZJGFyY2hpdmVyVCR0b3ASAAGGoKgHCBMUFRYaIVUkbnVsbNMJCgsMDxJXTlMua2V5c1pOUy5vYmplY3RzViRjbGFzc6INDoACgAOiEBGABIAFgAdccmVsYXRpdmVQYXRoWWFsaWFzRGF0YV8QP0hlcm9pbl9tb2RlbC9oZXJvaW5fcGFwZXJzL1NtaXRoX01vbm90b25lX0R5bmFtaWNhbF9TeXN0ZW1zLnBkZtIXCxgZV05TLmRhdGFPEQI0AAAAAAI0AAIAAA1NYWNCb29rUHJvIEhEAAAAAAAAAAAAAAAAAADUuNM0SCsAAAAuWUYfU21pdGhfTW9ub3RvbmVfRHluYW0jNDFEQTUxLnBkZgAAAAAAAAAAAAAAAAAAAAAAAAAAAAAAAAAAAAAAAAAAAEHaUdcDbU0AAAAAAAAAAAABAAQAAAkgAAAAAAAAAAAAAAAAAAAADWhlcm9pbl9wYXBlcnMAABAACAAA1LkZhAAAABEACAAA1wOljQAAAAEAGAAuWUYAKpyTACu2pQANuzcADbs2AAYwYwACAHBNYWNCb29rUHJvIEhEOlVzZXJzOgBwaGlsbGlwczoARG9jdW1lbnRzOgBSZXNlYXJjaDoASGVyb2luX21vZGVsOgBoZXJvaW5fcGFwZXJzOgBTbWl0aF9Nb25vdG9uZV9EeW5hbSM0MURBNTEucGRmAA4ASgAkAFMAbQBpAHQAaABfAE0AbwBuAG8AdABvAG4AZQBfAEQAeQBuAGEAbQBpAGMAYQBsAF8AUwB5AHMAdABlAG0AcwAuAHAAZABmAA8AHAANAE0AYQBjAEIAbwBvAGsAUAByAG8AIABIAEQAEgBhVXNlcnMvcGhpbGxpcHMvRG9jdW1lbnRzL1Jlc2VhcmNoL0hlcm9pbl9tb2RlbC9oZXJvaW5fcGFwZXJzL1NtaXRoX01vbm90b25lX0R5bmFtaWNhbF9TeXN0ZW1zLnBkZgAAEwABLwAAFQACAA///wAAgAbSGxwdHlokY2xhc3NuYW1lWCRjbGFzc2VzXU5TTXV0YWJsZURhdGGjHR8gVk5TRGF0YVhOU09iamVjdNIbHCIjXE5TRGljdGlvbmFyeaIiIF8QD05TS2V5ZWRBcmNoaXZlctEmJ1Ryb290gAEACAARABoAIwAtADIANwBAAEYATQBVAGAAZwBqAGwAbgBxAHMAdQB3AIQAjgDQANUA3QMVAxcDHAMnAzADPgNCA0kDUgNXA2QDZwN5A3wDgQAAAAAAAAIBAAAAAAAAACgAAAAAAAAAAAAAAAAAAAOD}}

@misc{Volkow2,
	Author = {Nora D. Volkow},
	Date-Added = {2018-08-02 21:32:59 +0000},
	Date-Modified = {2018-08-02 21:32:59 +0000},
	Howpublished = {Available at https://www.drugabuse.gov/about-nida/legislative-activities/testimony-to-congress/2018/what-science-tells-us-about-opioid-abuse-addiction (accessed 07/17/2018)},
	Month = {January},
	Title = {What Science Tells Us About Opioid Abuse and Addiction},
	Year = {2016},
	Bdsk-File-1 = {YnBsaXN0MDDUAQIDBAUGJCVYJHZlcnNpb25YJG9iamVjdHNZJGFyY2hpdmVyVCR0b3ASAAGGoKgHCBMUFRYaIVUkbnVsbNMJCgsMDxJXTlMua2V5c1pOUy5vYmplY3RzViRjbGFzc6INDoACgAOiEBGABIAFgAdccmVsYXRpdmVQYXRoWWFsaWFzRGF0YV8QOUhlcm9pbl9tb2RlbC9oZXJvaW5fcGFwZXJzL1ZvbGtvdzJfQ29uZ3Jlc3NfVGVzdGltb255LnBkZtIXCxgZV05TLmRhdGFPEQIiAAAAAAIiAAIAAA1NYWNCb29rUHJvIEhEAAAAAAAAAAAAAAAAAADUuNM0SCsAAAAuWUYeVm9sa293Ml9Db25ncmVzc19UZXN0aW1vbnkucGRmAAAAAAAAAAAAAAAAAAAAAAAAAAAAAAAAAAAAAAAAAAAAAEfnd9dzucQAAAAAAAAAAAABAAQAAAkgAAAAAAAAAAAAAAAAAAAADWhlcm9pbl9wYXBlcnMAABAACAAA1LkZhAAAABEACAAA13PyBAAAAAEAGAAuWUYAKpyTACu2pQANuzcADbs2AAYwYwACAG9NYWNCb29rUHJvIEhEOlVzZXJzOgBwaGlsbGlwczoARG9jdW1lbnRzOgBSZXNlYXJjaDoASGVyb2luX21vZGVsOgBoZXJvaW5fcGFwZXJzOgBWb2xrb3cyX0NvbmdyZXNzX1Rlc3RpbW9ueS5wZGYAAA4APgAeAFYAbwBsAGsAbwB3ADIAXwBDAG8AbgBnAHIAZQBzAHMAXwBUAGUAcwB0AGkAbQBvAG4AeQAuAHAAZABmAA8AHAANAE0AYQBjAEIAbwBvAGsAUAByAG8AIABIAEQAEgBbVXNlcnMvcGhpbGxpcHMvRG9jdW1lbnRzL1Jlc2VhcmNoL0hlcm9pbl9tb2RlbC9oZXJvaW5fcGFwZXJzL1ZvbGtvdzJfQ29uZ3Jlc3NfVGVzdGltb255LnBkZgAAEwABLwAAFQACAA///wAAgAbSGxwdHlokY2xhc3NuYW1lWCRjbGFzc2VzXU5TTXV0YWJsZURhdGGjHR8gVk5TRGF0YVhOU09iamVjdNIbHCIjXE5TRGljdGlvbmFyeaIiIF8QD05TS2V5ZWRBcmNoaXZlctEmJ1Ryb290gAEACAARABoAIwAtADIANwBAAEYATQBVAGAAZwBqAGwAbgBxAHMAdQB3AIQAjgDKAM8A1wL9Av8DBAMPAxgDJgMqAzEDOgM/A0wDTwNhA2QDaQAAAAAAAAIBAAAAAAAAACgAAAAAAAAAAAAAAAAAAANr}}

@article{Vowles,
	Annote = {Definition used for addiction. Synthesis of misuse, abuse and addiction terminology in literature. },
	Author = {Kevin E. Vowles and Mindy L. McEnteea and Peter Siyahhan Julnesa and Tessa Frohea and John P. Neyb and David N. van der Goes},
	Date-Added = {2018-08-02 21:32:59 +0000},
	Date-Modified = {2018-08-02 21:32:59 +0000},
	Journal = {PAIN},
	Number = {4},
	Pages = {569-576},
	Title = {Rates of opioid misuse, abuse, and addiction in chronic pain: a systematic review and data synthesis},
	Volume = {156},
	Year = {2015},
	Bdsk-File-1 = {YnBsaXN0MDDUAQIDBAUGJCVYJHZlcnNpb25YJG9iamVjdHNZJGFyY2hpdmVyVCR0b3ASAAGGoKgHCBMUFRYaIVUkbnVsbNMJCgsMDxJXTlMua2V5c1pOUy5vYmplY3RzViRjbGFzc6INDoACgAOiEBGABIAFgAdccmVsYXRpdmVQYXRoWWFsaWFzRGF0YV8QLkhlcm9pbl9tb2RlbC9oZXJvaW5fcGFwZXJzL1Zvd2xlc19MYW5ndWFnZS5wZGbSFwsYGVdOUy5kYXRhTxEB9AAAAAAB9AACAAANTWFjQm9va1BybyBIRAAAAAAAAAAAAAAAAAAA1LjTNEgrAAAALllGE1Zvd2xlc19MYW5ndWFnZS5wZGYAAAAAAAAAAAAAAAAAAAAAAAAAAAAAAAAAAAAAAAAAAAAAAAAAAAAAAAAAAABCeBbXDNS6AAAAAAAAAAAAAQAEAAAJIAAAAAAAAAAAAAAAAAAAAA1oZXJvaW5fcGFwZXJzAAAQAAgAANS5GYQAAAARAAgAANcNDPoAAAABABgALllGACqckwArtqUADbs3AA27NgAGMGMAAgBkTWFjQm9va1BybyBIRDpVc2VyczoAcGhpbGxpcHM6AERvY3VtZW50czoAUmVzZWFyY2g6AEhlcm9pbl9tb2RlbDoAaGVyb2luX3BhcGVyczoAVm93bGVzX0xhbmd1YWdlLnBkZgAOACgAEwBWAG8AdwBsAGUAcwBfAEwAYQBuAGcAdQBhAGcAZQAuAHAAZABmAA8AHAANAE0AYQBjAEIAbwBvAGsAUAByAG8AIABIAEQAEgBQVXNlcnMvcGhpbGxpcHMvRG9jdW1lbnRzL1Jlc2VhcmNoL0hlcm9pbl9tb2RlbC9oZXJvaW5fcGFwZXJzL1Zvd2xlc19MYW5ndWFnZS5wZGYAEwABLwAAFQACAA///wAAgAbSGxwdHlokY2xhc3NuYW1lWCRjbGFzc2VzXU5TTXV0YWJsZURhdGGjHR8gVk5TRGF0YVhOU09iamVjdNIbHCIjXE5TRGljdGlvbmFyeaIiIF8QD05TS2V5ZWRBcmNoaXZlctEmJ1Ryb290gAEACAARABoAIwAtADIANwBAAEYATQBVAGAAZwBqAGwAbgBxAHMAdQB3AIQAjgC/AMQAzALEAsYCywLWAt8C7QLxAvgDAQMGAxMDFgMoAysDMAAAAAAAAAIBAAAAAAAAACgAAAAAAAAAAAAAAAAAAAMy}}

@article{Wang,
	Author = {Xiaoyan Wang and Junyuan Yang and Xuezhi Li},
	Date-Added = {2018-08-02 21:32:59 +0000},
	Date-Modified = {2018-08-02 21:32:59 +0000},
	Journal = {Applied Mathematics},
	Number = {6},
	Pages = {732-738},
	Title = {Dynamics of a Heroin Epidemic Model with Very Population},
	Volume = {2},
	Year = {2011},
	Bdsk-File-1 = {YnBsaXN0MDDUAQIDBAUGJCVYJHZlcnNpb25YJG9iamVjdHNZJGFyY2hpdmVyVCR0b3ASAAGGoKgHCBMUFRYaIVUkbnVsbNMJCgsMDxJXTlMua2V5c1pOUy5vYmplY3RzViRjbGFzc6INDoACgAOiEBGABIAFgAdccmVsYXRpdmVQYXRoWWFsaWFzRGF0YV8QMkhlcm9pbl9tb2RlbC9oZXJvaW5fcGFwZXJzL1dhbmdfbm9uY29uc3RhbnRwb3AucGRm0hcLGBlXTlMuZGF0YU8RAgQAAAAAAgQAAgAADU1hY0Jvb2tQcm8gSEQAAAAAAAAAAAAAAAAAANS40zRIKwAAAC5ZRhdXYW5nX25vbmNvbnN0YW50cG9wLnBkZgAAAAAAAAAAAAAAAAAAAAAAAAAAAAAAAAAAAAAAAAAAAAAAAAAAAAAASUjL14Xu2QAAAAAAAAAAAAEABAAACSAAAAAAAAAAAAAAAAAAAAANaGVyb2luX3BhcGVycwAAEAAIAADUuRmEAAAAEQAIAADXhicZAAAAAQAYAC5ZRgAqnJMAK7alAA27NwANuzYABjBjAAIAaE1hY0Jvb2tQcm8gSEQ6VXNlcnM6AHBoaWxsaXBzOgBEb2N1bWVudHM6AFJlc2VhcmNoOgBIZXJvaW5fbW9kZWw6AGhlcm9pbl9wYXBlcnM6AFdhbmdfbm9uY29uc3RhbnRwb3AucGRmAA4AMAAXAFcAYQBuAGcAXwBuAG8AbgBjAG8AbgBzAHQAYQBuAHQAcABvAHAALgBwAGQAZgAPABwADQBNAGEAYwBCAG8AbwBrAFAAcgBvACAASABEABIAVFVzZXJzL3BoaWxsaXBzL0RvY3VtZW50cy9SZXNlYXJjaC9IZXJvaW5fbW9kZWwvaGVyb2luX3BhcGVycy9XYW5nX25vbmNvbnN0YW50cG9wLnBkZgATAAEvAAAVAAIAD///AACABtIbHB0eWiRjbGFzc25hbWVYJGNsYXNzZXNdTlNNdXRhYmxlRGF0YaMdHyBWTlNEYXRhWE5TT2JqZWN00hscIiNcTlNEaWN0aW9uYXJ5oiIgXxAPTlNLZXllZEFyY2hpdmVy0SYnVHJvb3SAAQAIABEAGgAjAC0AMgA3AEAARgBNAFUAYABnAGoAbABuAHEAcwB1AHcAhACOAMMAyADQAtgC2gLfAuoC8wMBAwUDDAMVAxoDJwMqAzwDPwNEAAAAAAAAAgEAAAAAAAAAKAAAAAAAAAAAAAAAAAAAA0Y=}}

@article{Wangari,
	Author = {Isaac Mwangi Wangari and Lewi Stone},
	Date-Added = {2018-08-02 21:32:59 +0000},
	Date-Modified = {2018-08-02 21:32:59 +0000},
	Journal = {Journal of Applied Mathematics},
	Title = {Analysis of a Heroin Epidemic Model with Saturated Treatment Function},
	Volume = {2017},
	Year = {2017},
	Bdsk-File-1 = {YnBsaXN0MDDUAQIDBAUGJCVYJHZlcnNpb25YJG9iamVjdHNZJGFyY2hpdmVyVCR0b3ASAAGGoKgHCBMUFRYaIVUkbnVsbNMJCgsMDxJXTlMua2V5c1pOUy5vYmplY3RzViRjbGFzc6INDoACgAOiEBGABIAFgAdccmVsYXRpdmVQYXRoWWFsaWFzRGF0YV8QOkhlcm9pbl9tb2RlbC9oZXJvaW5fcGFwZXJzL1dhbmdhcmlfU2F0dXJhdGVkX1RyZWF0bWVudC5wZGbSFwsYGVdOUy5kYXRhTxECJAAAAAACJAACAAANTWFjQm9va1BybyBIRAAAAAAAAAAAAAAAAAAA1LjTNEgrAAAALllGH1dhbmdhcmlfU2F0dXJhdGVkX1RyZWF0bWVudC5wZGYAAAAAAAAAAAAAAAAAAAAAAAAAAAAAAAAAAAAAAAAAAABH7/HXc97fAAAAAAAAAAAAAQAEAAAJIAAAAAAAAAAAAAAAAAAAAA1oZXJvaW5fcGFwZXJzAAAQAAgAANS5GYQAAAARAAgAANd0Fx8AAAABABgALllGACqckwArtqUADbs3AA27NgAGMGMAAgBwTWFjQm9va1BybyBIRDpVc2VyczoAcGhpbGxpcHM6AERvY3VtZW50czoAUmVzZWFyY2g6AEhlcm9pbl9tb2RlbDoAaGVyb2luX3BhcGVyczoAV2FuZ2FyaV9TYXR1cmF0ZWRfVHJlYXRtZW50LnBkZgAOAEAAHwBXAGEAbgBnAGEAcgBpAF8AUwBhAHQAdQByAGEAdABlAGQAXwBUAHIAZQBhAHQAbQBlAG4AdAAuAHAAZABmAA8AHAANAE0AYQBjAEIAbwBvAGsAUAByAG8AIABIAEQAEgBcVXNlcnMvcGhpbGxpcHMvRG9jdW1lbnRzL1Jlc2VhcmNoL0hlcm9pbl9tb2RlbC9oZXJvaW5fcGFwZXJzL1dhbmdhcmlfU2F0dXJhdGVkX1RyZWF0bWVudC5wZGYAEwABLwAAFQACAA///wAAgAbSGxwdHlokY2xhc3NuYW1lWCRjbGFzc2VzXU5TTXV0YWJsZURhdGGjHR8gVk5TRGF0YVhOU09iamVjdNIbHCIjXE5TRGljdGlvbmFyeaIiIF8QD05TS2V5ZWRBcmNoaXZlctEmJ1Ryb290gAEACAARABoAIwAtADIANwBAAEYATQBVAGAAZwBqAGwAbgBxAHMAdQB3AIQAjgDLANAA2AMAAwIDBwMSAxsDKQMtAzQDPQNCA08DUgNkA2cDbAAAAAAAAAIBAAAAAAAAACgAAAAAAAAAAAAAAAAAAANu}}

@article{White,
	Author = {Emma White and Catherine Comiskey},
	Date-Added = {2018-08-02 21:32:59 +0000},
	Date-Modified = {2018-08-02 21:32:59 +0000},
	Journal = {Mathematical Biosciences},
	Pages = {312-324},
	Title = {Heroin epidemics, treatment and {ODE} modelling},
	Volume = {208},
	Year = {2007},
	Bdsk-File-1 = {YnBsaXN0MDDUAQIDBAUGJCVYJHZlcnNpb25YJG9iamVjdHNZJGFyY2hpdmVyVCR0b3ASAAGGoKgHCBMUFRYaIVUkbnVsbNMJCgsMDxJXTlMua2V5c1pOUy5vYmplY3RzViRjbGFzc6INDoACgAOiEBGABIAFgAdccmVsYXRpdmVQYXRoWWFsaWFzRGF0YV8QL0hlcm9pbl9tb2RlbC9oZXJvaW5fcGFwZXJzL1doaXRlX0hlcm9pbl9PREUucGRm0hcLGBlXTlMuZGF0YU8RAfoAAAAAAfoAAgAADU1hY0Jvb2tQcm8gSEQAAAAAAAAAAAAAAAAAANS40zRIKwAAAC5ZRhRXaGl0ZV9IZXJvaW5fT0RFLnBkZgAAAAAAAAAAAAAAAAAAAAAAAAAAAAAAAAAAAAAAAAAAAAAAAAAAAAAAAAAARtDl12AYTQAAAAAAAAAAAAEABAAACSAAAAAAAAAAAAAAAAAAAAANaGVyb2luX3BhcGVycwAAEAAIAADUuRmEAAAAEQAIAADXYFCNAAAAAQAYAC5ZRgAqnJMAK7alAA27NwANuzYABjBjAAIAZU1hY0Jvb2tQcm8gSEQ6VXNlcnM6AHBoaWxsaXBzOgBEb2N1bWVudHM6AFJlc2VhcmNoOgBIZXJvaW5fbW9kZWw6AGhlcm9pbl9wYXBlcnM6AFdoaXRlX0hlcm9pbl9PREUucGRmAAAOACoAFABXAGgAaQB0AGUAXwBIAGUAcgBvAGkAbgBfAE8ARABFAC4AcABkAGYADwAcAA0ATQBhAGMAQgBvAG8AawBQAHIAbwAgAEgARAASAFFVc2Vycy9waGlsbGlwcy9Eb2N1bWVudHMvUmVzZWFyY2gvSGVyb2luX21vZGVsL2hlcm9pbl9wYXBlcnMvV2hpdGVfSGVyb2luX09ERS5wZGYAABMAAS8AABUAAgAP//8AAIAG0hscHR5aJGNsYXNzbmFtZVgkY2xhc3Nlc11OU011dGFibGVEYXRhox0fIFZOU0RhdGFYTlNPYmplY3TSGxwiI1xOU0RpY3Rpb25hcnmiIiBfEA9OU0tleWVkQXJjaGl2ZXLRJidUcm9vdIABAAgAEQAaACMALQAyADcAQABGAE0AVQBgAGcAagBsAG4AcQBzAHUAdwCEAI4AwADFAM0CywLNAtIC3QLmAvQC+AL/AwgDDQMaAx0DLwMyAzcAAAAAAAACAQAAAAAAAAAoAAAAAAAAAAAAAAAAAAADOQ==}}
